3158 5260
204 1819 267 1862 lo

202 2325 266 2369 15

997 561 1202 618 PARS
1243 564 1290 616 J.
1360 561 1522 617 GAP.
1566 561 1834 622 21-22.
2447 550 2532 622 59

301 763 490 824 liatus
535 767 627 824 est
672 763 803 847 regi
841 763 1194 836 Danorum,
1239 769 1301 824 et
1336 764 1627 826 Kanutus
1672 760 1939 850 [Magni]
1983 765 2172 837 filius,
2220 767 2529 844 proiectus

303 865 381 926 de
446 870 647 937 terra,
729 866 1004 927 exulavit
1070 867 1230 929 inter
1294 866 1565 928 Saxones
1624 866 1794 947 apud
1864 867 2254 928 Hartwicum
2323 869 2529 930 archi-

302 966 694 1047 praesulem,
780 968 1118 1031 clarissimo
1196 987 1424 1053 genere
1498 973 1717 1030 natum
1796 968 1907 1030 *ex
1985 976 2162 1051 parte
2227 969 2534 1050 duplicis⁸

304 1068 725 1149 principatus*
750 1067 833 1155 1)ΙΙ.

1111 1242 1470 1324 Capitulum
1515 1241 1709 1305 XXII.

302 1321 482 1455 ch
547 1393 938 1467 Hartwicus,
1004 1395 1501 1476 archiepiscopus
1558 1395 2218 1479 Hammenburgensis,
2262 1393 2528 1479 *magno

303 1494 510 1557 studio
549 1494 820 1569 nactus*,
850 1497 1048 1557 voluit
1079 1496 1252 1558 sedes
1287 1496 1584 1565 Slauicas.
1623 1500 1749 1560 iam
1787 1519 1894 1578 per
1929 1497 2291 1559 LXXXIIII.
2334 1516 2528 1558 annos

304 1596 640 1660 vacantesb
676 1616 933 1660 suorum
966 1600 1503 1682 suffraganeorum
1519 1608 1559 1673 ⁰,
1596 1599 2036 1662 *resuscitare*
2056 1597 2122 1684 2),
2167 1596 2268 1686 [de
2303 1600 2527 1681 quibus

303 1719 494 1780 supra
553 1720 686 1781 cap.
733 1697 984 1786 XIIII.],
1038 1702 1221 1763 simul
1268 1707 1329 1762 et
1372 1702 1631 1775 Daciae,
1688 1703 2056 1785 Norwegiae
2116 1708 2176 1763 et
2229 1700 2528 1775 Swediae,

305 1822 472 1884 quae
535 1822 746 1864 omnes
811 1803 1414 1886 Hammenburgensi
1475 1804 1820 1885 antiquitus
1886 1805 2199 1866 subiectae
2263 1812 2438 1866 erant
2460 1802 2527 1889 3).

305 1905 426 1968 Sed
473 1905 783 1986 obsequiis
820 1911 881 1967 et
913 1906 1101 1968 variis
1148 1905 1574 1990 largitionibus
1620 1907 1789 1986 apud
1839 1926 2062 1987 papam
2111 1912 2172 1968 et
2216 1925 2528 1968 caesarem

305 2007 458 2069 nihil
494 2009 754 2089 profecit
770 2004 838 2091 4).
917 2006 1009 2069 Ne
1052 2014 1257 2069 tamen
1306 2010 1554 2070 omnino
1600 2010 2006 2092 suffraganeis
2053 2015 2305 2082 careret,
2348 2009 2530 2072 Vice-

305 2111 500 2172 linum
535 2111 738 2172 virum
775 2117 1056 2171 sanctum
1098 2111 1453 2191 episcopum
1513 2112 1893 2172 consecravit
1947 2110 2528 2194 Aldenburgensem,

303 2209 659 2298 [provectae
703 2206 949 2297 aetatis]
993 2218 1055 2274 et
1096 2212 1221 2274 iam
1270 2218 1699 2273 conversatum
1745 2213 1808 2273 in
1853 2220 2018 2273 terra
2056 2212 2528 2275 Holtzatorumd

303 2302 489 2377 XXX.
541 2315 715 2376 annis
739 2314 809 2393 5).
898 2315 976 2374 Et
1020 2314 1080 2374 in
1127 2313 1575 2399 Mekelenburg
1621 2314 1940 2376 dominum
1992 2315 2301 2376 ordinavit
2343 2317 2531 2376 Eme-

305 2417 591 2491 hardum,
637 2423 697 2479 et
741 2417 1081 2478 consecrati
1124 2422 1267 2477 sunt
1313 2417 1495 2477 ambo
1539 2417 1601 2477 in
1648 2416 2049 2489 Rosseuelde,
2108 2423 2169 2477 et
2213 2418 2381 2478 misit
2424 2437 2527 2478 eos

306 2521 487 2601 quasi
543 2539 737 2603 agnos
796 2520 954 2580 inter
1012 2520 1208 2600 lupos.
1295 2518 1472 2579 Haec
1529 2525 1736 2580 tamen
1792 2520 2169 2581 consecratio
2217 2522 2393 2580 sacta
2438 2526 2529 2582 est

305 2621 666 2685 inconsultis
713 2617 1031 2708 [domini8,
1075 2615 1228 2706 scil]
1287 2619 1446 2683 duce
1491 2620 1799 2683 Saxoniae
1856 2626 1917 2682 et
1961 2620 2242 2702 Adolpho
2304 2623 2527 2684 comite

305 2721 645 2811 [praedicto
663 2719 702 2808 3]
759 2724 899 2785 ideo
946 2725 1218 2787 Vicelino
1266 2730 1658 2808 negaverunt,
1694 2744 1731 2785 a
1774 2724 1900 2785 suis
1946 2724 2077 2786 dari
2124 2724 2429 2788 decimas⁰
2455 2729 2524 2803 ⁶).

308 2827 535 2888 Postea
587 2836 795 2889 tamen
842 2827 965 2888 dux
1011 2846 1156 2887 eum
1215 2825 1294 2887 ad
1348 2827 1618 2908 gratiam
1666 2824 1872 2906 cepit‘
1884 2847 1897 2902 3
1958 2846 2100 2887 nam
2158 2828 2331 2889 novit
2384 2848 2525 2889 eum

307 2930 509 2990 virum
553 2934 854 3001 sanctum,
899 2928 1007 2990 sed
1051 2929 1248 2990 voluit
1292 2928 1432 3001 dux,
1482 2929 1649 3009 quod
1694 2927 2161 2989 *investituram
2207 2930 2528 3010 episcopa-

306 3030 466 3093 lem*
522 3033 599 3092 ab
644 3031 777 3112 ipso
833 3031 1105 3111 recipere
1156 3030 1421 3092 deberet.
1523 3032 1863 3111 Episcopus
1923 3032 2140 3113 igitur,
2200 3031 2486 3093 recedens
2510 3029 2527 3115 ΙΙ
2563 3026 2693 3087 Fol.
2722 3032 2800 3092 6⁰·

303 3135 560 3215 pacifice
604 3134 683 3194 ab
728 3152 801 3194 eo
857 3131 972 3194 *ad
1019 3131 1482 3194 deliberandum
1528 3152 1714 3212 super
1759 3134 1877 3193 hoc
1930 3135 2106 3217 gravi
2154 3132 2524 3214 proposito*,

305 3256 446 3297 cum
505 3235 822 3315 episcopos
876 3235 1164 3297 investire
1190 3314 1194 3318 .
1217 3234 1406 3296 solius
1464 3234 1908 3313 imperatoriae
1963 3236 2306 3298 maiestatis
2350 3237 2429 3298 sit
2459 3238 2524 3316 ⁷),

407 3473 466 3535 a)
505 3474 625 3524 Alle
639 3472 949 3539 Ausgaben:
975 3472 1134 3522 ducis.
1287 3471 1346 3533 b)
1371 3472 1463 3521 Ed.
1483 3473 1574 3522 Fa.
1596 3472 1907 3523 falschlich:
1941 3481 2191 3523 vocantes.
2346 3472 2402 3532 c)
2431 3474 2527 3523 Ed.

507 3558 584 3607 pr.
608 3541 724 3592 hier
751 3540 859 3591 und
883 3541 1141 3590 nachher:
1176 3541 1627 3607 suffraqaniorum.
1798 3541 1854 3603 d)
1891 3540 1984 3591 Ed.
2010 3541 2090 3590 Li.
2112 3558 2163 3591 u.
2188 3542 2306 3591 Fa:
2341 3540 2531 3592 Holsa-

509 3618 683 3659 torum.
854 3607 905 3670 e)
938 3608 1034 3658 Ed.
1058 3608 1135 3657 Li.
1155 3624 1208 3657 u.
1228 3609 1345 3659 Fa:
1378 3608 1633 3658 decimam.
1803 3608 1855 3671 f)
1885 3608 1980 3658 Ed.
2007 3608 2088 3658 Li.
2113 3624 2165 3659 u.
2190 3609 2313 3659 Fa:
2351 3611 2529 3676 eoepit.

302 3833 486 3897 quitas.
691 3828 745 3892 4)
793 3830 916 3880 Fast
952 3828 1192 3879 wortlich
1229 3827 1722 3880 iibereinstimmend
1759 3830 1855 3878 mit
1889 3827 2202 3880 Helmold
2248 3829 2278 3888 ἓ
2317 3833 2362 3877 5.
2399 3829 2454 3877 in
2489 3830 2525 3878 f.

305 3900 361 3956 5)
397 3897 655 3948 Ebendas.
694 3897 726 3959 S
766 3902 840 3960 6.,
875 3914 955 3946 wo
992 3913 1047 3947 es
1082 3895 1207 3946 aber
1239 3897 1430 3947 heisst:
1475 3899 1714 3963 missique
1761 3897 1924 3957 (sunt)
1972 3900 2026 3946 in
2063 3905 2250 3946 terram
2287 3899 2527 3962 eyestatis

304 3975 353 4015 et
375 3966 567 4032 famis,
612 3965 700 4014 ubi
741 3973 856 4015 erat
897 3964 1042 4014 sedes
1076 3963 1303 4014 Satanae
1347 3972 1398 4013 et
1428 3964 1674 4015 habitatio
1724 3967 1882 4015 omnis
1925 3966 2136 4032 spiritus
2170 3964 2426 4013 immundi.
2462 3989 2527 3999 —·

305 4035 356 4084 S.
404 4033 540 4083 auch
578 4032 895 4082 Albertus
944 4032 1111 4082 stad.
1161 4032 1226 4081 ad
1274 4034 1335 4082 A.
1383 4038 1520 4081 1149.
1742 4032 1801 4093 6)
1850 4032 2105 4082 Ebendas.
2154 4033 2183 4093 5
2222 4036 2266 4081 7.
2323 4037 2528 4082 ᾰυεεθη

304 4101 419 4152 sich
454 4099 761 4150 Helmold
806 4099 993 4148 dahin:
1047 4101 1257 4165 tulitque
1300 4100 1519 4149 decimas
1565 4116 1732 4149 omnes
1777 4101 1917 4149 illius
1956 4102 2106 4160 anni,
2142 4117 2272 4167 quae
2297 4100 2531 4165 pontifici

303 4185 430 4218 novo
455 4168 731 4233 provenire
755 4174 1010 4233 poterant,
1048 4184 1137 4216 nec
1169 4167 1361 4217 dimisit
1396 4184 1457 4216 ex
1492 4169 1564 4216 eis
1594 4184 1792 4233 parvas
1827 4169 2087 4235 reliquias.
2288 4166 2345 4227 7)
2383 4167 2527 4217 Weit

303 4235 690 4285 ausfiihrlicher
713 4235 797 4295 ist,
830 4234 954 4285 aber
976 4237 1029 4283 in
1060 4234 1419 4285 Einzelheiten
1446 4236 1688 4285 wortlich
1723 4234 2239 4297 iibereinstimmend‚
2277 4251 2320 4283 z.
2344 4235 2400 4283 B.
2428 4234 2525 4284 den

303 4304 521 4354 Worten
569 4303 821 4368 episcopos
875 4310 989 4363 eta,
1037 4300 1168 4353 iiber
1220 4302 1362 4353 diese
1409 4303 1850 4369 Verhandlungen
1895 4319 2077 4369 wegen
2113 4303 2202 4353 der
2246 4303 2529 4353 Investitur

303 4370 468 4424 durch
504 4369 603 4420 den
639 4369 852 4442 Herzog
885 4370 1189 4424 Helmold
1226 4386 1271 4419 a.
1307 4387 1350 4419 a.
1392 4371 1454 4421 Ο.
1491 4372 1522 4441 ἐ
1551 4377 1597 4420 8.
1633 4372 1722 4445 fig.

2579 1095 2630 1143 p.
2668 1082 2783 1126 213.
