3158 5260
907 600 1109 656 PARS
1156 605 1272 657 JIJ.
1343 604 1474 655 Ana.
1526 598 1958 656 κως-1456.
2420 587 2544 655 207

318 801 541 862 aetatis
585 820 737 863 suae
782 819 963 874 ann0‚
1012 802 1360 872 Catelanus,
1406 799 1750 872 cardinalis,
1798 798 2159 861 Valentinus
2202 799 2549 861 communi·-

322 912 413 965 ter
459 911 852 984 nuncupatus
879 903 943 988 ¹).

490 1008 520 1085 ἕ
567 1007 869 1090 Berghen.
958 1008 1134 1067 Anno
1171 1006 1387 1067 eodem
1423 1014 1796 1068 mercatores
1827 1005 2223 1086 BerghenseS‚
2255 997 2547 1085 [quorum

242 1093 248 1100 ⁸
321 1109 699 1170 mercantiae
744 1111 806 1171 in
841 1110 1160 1171 strumulis
1195 1105 1556 1193 versantur}
1603 1110 1662 1170 in
1705 1110 1977 1170 tumultu
2023 1106 2293 1189 quodam
2339 1113 2401 1168 et
2443 1125 2551 1167 ru-

228 1737 287 1780 10

227 2246 283 2289 15

222 2856 284 2898 20

220 3462 282 3505 25

320 1230 492 1272 more
529 1212 884 1274 occiderunt
916 1212 1226 1299 quendam
1259 1214 1534 1279 militem,
1567 1212 1838 1274 Olauum
1876 1211 2211 1290 Negelssen,
2238 1214 2546 1288 potentem

320 1325 381 1373 ct
413 1312 663 1374 divitem
711 1315 770 1375 in
807 1316 1038 1399 BergiS,
1085 1315 1190 1395 qui
1241 1314 1482 1376 diversa
1528 1315 1615 1374 eis
1661 1320 1721 1373 et
1765 1314 2037 1374 maxima
2082 1318 2226 1373 ante
2269 1318 2551 1391 tempora

319 1416 528 1477 intulit
573 1415 818 1491 damna,
866 1423 928 1478 et
966 1417 1298 1478 novissime
1342 1416 1497 1477 duas
1537 1434 1724 1477 naves
1765 1415 2067 1476 mercibus
2100 1419 2350 1474 onustas
2388 1432 2553 1474 mer-

322 1525 604 1580 catorum
665 1520 1170 1599 depraedaverat.
1261 1520 1633 1598 Episcopum
1700 1536 1955 1599 quoque
2009 1518 2406 1601 Bergensem,
2471 1516 2548 1576 ab

321 1620 537 1682 eodem
582 1622 788 1684 Olauo
834 1621 1188 1702 *compatre
1221 1620 1374 1683 suo*
1411 1642 1477 1682 se
1510 1639 1802 1698 separare
1836 1621 2161 1691 nolentem,
2201 1618 2552 1679 olderman-

322 1725 413 1785 nis
474 1731 681 1785 tamen
742 1745 960 1786 eorum
1022 1744 1097 1785 ac
1151 1725 1488 1804 potioribus
1547 1723 1995 1808 ignorantibus,
2051 1727 2193 1782 ante
2236 1738 2548 1781 summum

327 1825 522 1886 altare
568 1824 895 1886 crudeliter
939 1825 1346 1886 trucidarunt.
1423 1825 1872 1886 Monasterium
1921 1824 2284 1885 monialium
2319 1820 2548 1883 ordinis

322 1934 573 1988 sanctae
629 1927 981 2011 Birgittae⁸,
1050 1926 1129 1988 ad
1188 1929 1364 1989 cuius
1425 1927 1771 2007 campanile
1831 1926 1991 1987 idem
2055 1926 2226 1987 miles
2285 1926 2547 2007 fugerat,
2626 1926 2639 1933 “

322 2023 716 2113 [casualiter],
752 2048 855 2089 eos
896 2048 1035 2089 cum
1074 2031 1244 2089 fumo
1278 2028 1355 2089 ad
1403 2029 1752 2090 exeundum
1800 2027 1990 2089 turrib
2036 2039 2242 2109 artare
2287 2027 2547 2089 volenti-

323 2132 450 2204 buS,
495 2129 803 2192 *totaliter
843 2150 982 2191 cum
1032 2129 1326 2191 ecclesia*
1372 2131 1894 2201 incineraverunt,
1953 2130 2119 2211 quod
2168 2138 2373 2191 tamen
2420 2138 2548 2191 sta-

321 2234 429 2293 tim
466 2240 678 2312 postea
707 2228 1051 2316 [sumtuose
1084 2228 1256 2317 satis]
1302 2232 1874 2306 reaedificaverunt,
1921 2233 2147 2294 damna
2180 2232 2547 2294 monialibus

322 2340 737 2414 competenter
781 2334 1161 2396 refundendo
1184 2334 1263 2415 2).

488 2539 519 2618 ξ
564 2540 775 2601 Pione.
868 2541 1044 2601 Anno
1080 2539 1326 2601 Domini
1358 2548 1555 2606 14560
1595 2538 1795 2602 *circa
1831 2542 2052 2600 festum
2074 2534 2547 2600 Penthecostes*

323 2642 617 2722 oppidum
666 2644 886 2716 Plone,
944 2643 1157 2723 paucis
1213 2642 1493 2703 domibus
1539 2643 1833 2722 exceptiS,
1892 2643 2061 2704 cibus
2109 2643 2265 2724 ignis
2310 2644 2542 2703 sactum

321 2752 413 2805 est
457 2746 695 2806 malitia
740 2745 1062 2806 cuiusdam
1093 2746 1258 2819 Daci,
1307 2747 1509 2827 ignem
1559 2745 1839 2824 ponentis
1871 2744 1949 2805 ad
1995 2764 2060 2805 se
2106 2744 2543 2806 vindicandum

321 2846 397 2907 de
442 2848 684 2921 iniuria,
730 2850 808 2909 ab
855 2847 1163 2928 oppidano
1210 2847 1481 2929 quodam
1515 2844 1530 2929 Η
1555 2855 1829 2908 recenter
1874 2848 1985 2908 sibi
2031 2848 2220 2908 illata.

486 3050 516 3127 ἕ
562 3049 984 3134 Marienburg.
1077 3053 1249 3114 Anno
1296 3053 1513 3115 eodem
1561 3053 1812 3114 dimisso
1859 3059 2061 3114 castro
2106 3053 2544 3115 Marienborch

320 3170 461 3210 cum
510 3151 738 3230 oppido
786 3162 845 3213 et
889 3153 1225 3216 attinentiis
1271 3157 1396 3217 suis
1454 3176 1559 3236 per
1607 3155 1971 3237 magistrum
2022 3155 2248 3217 ordinis
2296 3163 2357 3217 et
2399 3175 2542 3216 suos

320 3253 874 3326 commendatores,
948 3251 1035 3340 [et
1099 3257 1234 3317 aliis
1295 3259 1473 3319 certis
1533 3251 1808 3340 castrisd]
1885 3258 2221 3335 capitaneis
2287 3275 2543 3318 suorum

319 3354 831 3434 stipendiatorum
867 3375 976 3434 pro
1018 3357 1336 3436 stipendiis
1373 3367 1435 3419 et
1466 3360 1703 3420 damnis
1737 3378 1970 3424 eorum,
2017 3378 2179 3439 quae
2223 3378 2288 3419 se
2334 3366 2543 3418 exten-

319 3455 546 3518 debant
588 3455 668 3517 ad
713 3454 919 3524 *4000
964 3468 1024 3518 et
1069 3456 1271 3526 3000*
1315 3462 1690 3522 florenorum
1740 3460 2233 3542 Ungaricalium‚
2281 3461 2541 3539 praefati

320 3559 626 3638 capitanei
674 3555 1028 3642 [adstatime
1075 3580 1184 3639 pro
1231 3561 1446 3623 eadem
1493 3556 1762 3646 summa]
1820 3560 2225 3623 vendiderunt
2271 3568 2541 3622 castrum

319 3660 447 3742 regi
498 3661 794 3722 Poloniae
837 3671 899 3722 et
943 3662 1292 3724 civitatibus
1339 3665 1657 3737 Prutziae,
1715 3677 1776 3725 et
1829 3663 2112 3725 *realiter
2172 3666 2258 3725 eis
2303 3685 2541 3745 posses-

318 3760 593 3823 sionem*
636 3762 1046 3837 tradiderunt,
1095 3766 1391 3849 magistro
1436 3766 1711 3850 generali
1758 3766 1986 3827 ordinis
2033 3766 2109 3827 de
2154 3772 2354 3828 castro
2400 3786 2541 3828 cum

515 3983 613 4032 per
646 3970 942 4033 maqaessstrum
978 3977 1063 4020 etc.
1099 3971 1277 4020 hatten
1317 3971 1488 4020 finden
1526 3970 1709 4033 sollen,
1746 3971 1870 4022 oder
1907 3971 1973 4022 ob
2010 3989 2110 4023 nur
2146 3989 2208 4022 zu
2246 3971 2543 4022 demsolben

520 4048 613 4084 aus
649 4035 764 4085 dem
800 4037 1064 4087 Friiheren
1103 4054 1167 4087 zu
1204 4044 1461 4102 ergstnzen
1499 4041 1577 4089 sei
1614 4038 1866 4101 dimissis,
1913 4040 2150 4090 bediinkt
2186 4041 2284 4089 mir
2318 4035 2543 4090 zsteifel·

521 4102 646 4152 hait.
850 4104 908 4166 e)
952 4105 1046 4155 Ed.
1077 4121 1152 4171 pr.
1187 4121 1233 4153 u.
1267 4106 1370 4155 Li.:
1409 4107 1481 4154 ad
1501 4107 1714 4170 seatium
1759 4107 1854 4156 Ed.
1889 4108 2002 4158 Fa:
2039 4107 2111 4156 ad
2141 4110 2330 4157 statim.

317 4321 737 4451 lsierilollgtetsgber
773 4323 872 4374 alle
912 4324 1052 4374 ‹liese
1091 4326 1372 4391 vor-gange
1408 4327 1740 4377 Detmar's
1778 4327 1940 4378 For-ts.
1980 4345 2020 4376 z.
2060 4329 2107 4378 J.
2147 4333 2269 4377 1455
2310 4325 2376 4392 (a.
2406 4343 2450 4377 a.
2480 4326 2543 4378 O.

2564 2842 2612 2903 F
2617 2845 2691 2905 ol.
2719 2841 2848 2911 20⁶·
