3158 5260
221 1130 248 1172 5

192 1639 250 1681 lo

191 2159 245 2200 15

185 2668 247 2710 20

184 3174 246 3217 25

886 503 1086 557 PARS
1131 504 1245 558 III.
1312 506 1448 557 Αηη.
1496 504 1912 559 1448-1449.
2404 497 2519 560 199

464 700 493 776 ξ
549 701 915 763 Cristoserus
970 725 1091 768 rex.
1196 707 1370 766 Anno
1429 704 1676 765 Domini
1730 715 1888 770 1448
1948 704 2356 766 Christoserus
2415 724 2517 764 rex

296 799 526 861 Daciae
590 814 687 862 etc
724 853 737 873 ,
795 803 1140 867 *sinistrum
1209 828 1427 890 gerens
1494 804 1812 867 animum*
1866 814 2081 867 contra
2144 807 2513 868 Lubicenses

289 896 551 983 [absque
619 924 832 965 eorum
901 907 1135 987 culpa]‚
1222 909 1380 969 sicut
1451 909 1713 969 Domino
1785 908 2039 987 placuit,
2124 909 2183 969 in
2262 903 2514 993 [castro]

296 1002 746 1087 Helsmborgha
780 1007 939 1069 diem
982 1011 1202 1071 clausit
1238 1018 1598 1080 extremum,
1637 1011 2079 1071 Lubicensibus
2114 1016 2173 1069 et
2204 1011 2328 1069 suis
2366 1028 2509 1088 pro-

293 1107 439 1184 priis
472 1108 837 1172 militaribus
876 1107 1019 1195 [non
1061 1109 1296 1197 paucis]
1339 1113 1414 1173 de
1454 1114 1624 1175 obitu
1657 1113 1789 1173 eius
1825 1132 2041 1192 parum
2077 1112 2421 1173 dolentibus
2451 1109 2515 1193 ¹).

458 1209 835 1287 §Swecia.·
899 1211 1111 1275 *Anno
1175 1215 1420 1286 eodem,
1479 1214 1982 1276 convenientibus
2048 1233 2157 1293 pro
2218 1213 2516 1274 electione

289 1311 488 1397 *regis
534 1313 764 1375 futurib
813 1316 869 1375 in
919 1317 1168 1377 civitate
1200 1318 1513 1396 Vpsalensi
1561 1313 1945 1401 [consiliariis
1994 1317 2163 1399 regni
2201 1311 2518 1398 Sweciae}

291 1413 390 1475 *et
449 1416 714 1476 aliorum
772 1416 1038 1478 duorum
1096 1438 1428 1502 regnorum
1478 1419 1810 1488 nobilibuS,
1858 1424 2071 1479 cont-ra
2117 1425 2321 1478 tamen
2373 1436 2516 1495 pro-

289 1516 537 1579 *missac
582 1521 823 1598 penitus
871 1521 1226 1581 inconsultis
1274 1541 1384 1581 nec
1429 1520 1799 1601 requisitis*,
1855 1520 2163 1601 quendam
2205 1525 2512 1598 potentem

291 1621 546 1681 militem
594 1621 898 1682 thesauris
946 1624 1185 1706 magnis
1230 1623 1673 1696 abundantem,
1721 1623 2011 1685 Carolum
2064 1618 2351 1702 Kanuti‚}{
2381 1615 2513 1705 [per
2539 1623 2664 1684 Fol.
2695 1620 2817 1689 19⁶·

289 1723 751 1802 impressionem
799 1725 976 1786 aliter
1021 1728 1224 1786 facere
1270 1746 1387 1787 non
1430 1721 1768 1811 audentes}
1806 1726 1873 1803 in
1907 1744 2089 1786 suum
2137 1743 2344 1803 regem
2391 1724 2517 1784 ele-

288 1835 529 1907 gerunt,
576 1826 754 1887 Erico
800 1847 946 1910 rege
989 1827 1195 1889 adhuc
1239 1828 1480 1888 vivente
1499 1826 1562 1910 2).

460 1928 490 2005 §
571 1927 786 1989 Dacia.
922 1930 1096 1990 Anno
1174 1928 1389 1989 eodem
1471 1928 1855 1989 cernentibus
1926 1926 2275 2005 proceribus
2343 1923 2513 2007 regni

293 2028 551 2101 Daciae,
600 2049 704 2109 per
750 2030 979 2091 nobiles
1028 2028 1302 2091 Sweciae
1347 2037 1528 2109 pacta
1575 2030 1874 2109 promissa
1918 2024 2018 2113 [de
2064 2048 2183 2089 non
2232 2024 2511 2111 eligendo

289 2152 460 2213 rege,
524 2132 634 2193 nisi
697 2132 772 2193 de
830 2133 1142 2193 communi
1204 2128 1528 2217 consensu]
1594 2132 1766 2211 regni
1825 2132 2176 2210 utriusque,
2236 2124 2513 2213 [minime

285 2229 574 2318 servata}
622 2233 698 2295 ad
747 2233 1127 2304 electionem,
1175 2234 1435 2294 termino
1485 2234 1641 2293 inter
1685 2253 1750 2293 se
1794 2242 2055 2303 statuto,
2102 2230 2513 2311 procedentes»,

285 2338 603 2417 elegerunt
657 2336 1030 2396 unanimiter
1083 2335 1144 2395 in
1204 2354 1418 2395 eorum
1480 2354 1686 2417 regem
1748 2333 2179 2405 Cristianum‹¹‚
2223 2334 2510 2393 comitem

285 2437 360 2497 de
405 2436 788 2498 Oldenborcb
838 2444 897 2494 et
944 2435 1400 2505 Delmenhorst,
1459 2437 1653 2496 fllium
1700 2437 1924 2497 sororis
1970 2435 2200 2497 domini
2248 2433 2508 2513 Adolphi

284 2539 454 2600 ducis
491 2538 949 2606 Sleszwicensis,
989 2539 1388 2600 Cristiernurn
1427 2559 1569 2600 eum
1610 2540 2012 2610 nominanteS,
2060 2539 2184 2619 qui,
2232 2532 2511 2621 [sollem-

285 2645 439 2704 niter
511 2643 681 2726 regio
743 2662 914 2703 more
973 2637 1363 2727 coronatus],
1430 2643 1744 2704 dominam
1814 2643 2088 2725 reginam
2153 2640 2509 2702 Christoferi

284 2746 556 2806 relictam
602 2745 742 2817 sibi,
789 2744 864 2805 de
909 2746 1220 2806 communi
1258 2744 1573 2806 *omnium
1608 2745 1903 2806 nobilium
1938 2742 2146 2828 regni*
2193 2762 2508 2815 consensu,

284 2848 678 2908 matrimonio
720 2846 1050 2926 copulavit,
1096 2866 1260 2927 quae
1298 2848 1505 2926 statim
1546 2848 1624 2908 ab
1657 2867 1730 2907 eo
1766 2848 2194 2930 impraegnata
2225 2846 2507 2925 sequenti

282 2969 443 3010 anno
489 2949 763 3011 Olauum
821 2949 1299 3032 primogenitum
1357 2969 1539 3009 suuni
1603 2949 1860 3029 pepeflit.
1921 2947 2234 3028 *pluribus
2293 2935 2507 3027 postea

281 3050 388 3113 *ex
425 3051 654 3112 eisdem
699 3051 834 3112 filiis
878 3051 1100 3133 genitis
1140 3051 1535 3131 opprobrium
1582 3050 1935 3117 sterilitatis,
1982 3049 2146 3131 quod
2196 3050 2274 3112 ad
2321 3069 2502 3111 sexa-

282 3154 490 3237 *ginta
550 3172 744 3214 annos
810 3160 871 3214 et
946 3153 1210 3233 amplius
1275 3153 1570 3226 durabat,
1650 3173 1688 3214 a
1753 3153 1936 3214 domo
2013 3153 2202 3235 regali
2276 3153 2505 3214 Daciae

282 3253 730 3317 *removendo*
753 3253 818 3337 ³).

445 3456 475 3534 ξ
523 3455 760 3517 Wisbu.
862 3456 1037 3515 Anno
1082 3454 1330 3516 Domini
1384 3466 1544 3522 1449
1594 3473 1699 3517 rex
1746 3457 2113 3518 Cristiernus
2156 3454 2503 3518 *castrum*

283 3558 497 3619 Wisbu
548 3565 609 3619 et
651 3564 846 3618 totam
894 3567 1120 3618 terram
1170 3555 1557 3618 Godlandiae
1603 3565 1882 3637 potenter
1928 3559 2203 3628 obtinuit,
2249 3560 2501 3639 expulso

281 3681 426 3744 rege
473 3660 650 3720 Erico
695 3678 836 3720 cuni
884 3658 1126 3730 SweciS,
1174 3658 1280 3738 qui
1326 3667 1555 3721 terram
1608 3660 1776 3723 illam
1824 3668 1953 3722 toto
2001 3669 2276 3740 ternpore
2323 3660 2502 3722 Chri-

482 3864 541 3926 b)
579 3865 673 3915 Ed.
707 3866 822 3916 Fa:
847 3866 1066 3929 futuris.
1215 3829 1232 3879 ι’
1271 3864 1326 3925 c)
1366 3866 1434 3915 So
1471 3865 1608 3915 auch
1645 3865 1738 3915 Ed.
1775 3867 1894 3927 Fa.;
1932 3866 2023 3916 Ed.
2056 3865 2158 3915 Li.:
2196 3869 2502 3933 praemissa.

484 3933 541 3993 d)
579 3933 670 3982 Ed.
708 3935 785 3983 Li.
824 3950 872 3983 u.
910 3934 1025 3983 Fa:
1063 3930 1421 3982 Christianum.

283 4151 508 4201 obendas
572 4169 613 4200 z.
651 4154 703 4200 J.
748 4158 871 4200 1448
910 4153 924 4204 l
936 4153 986 4202 S.
1030 4152 1176 4214 119),
1215 4169 1296 4202 wo
1333 4153 1584 4218 iibrigens
1621 4154 1709 4203 des
1746 4153 1879 4204 oben
1919 4170 2000 4204 am
2039 4153 2255 4204 Schluss
2290 4153 2503 4203 Ernahl·

281 4232 378 4338 3311}
406 4220 927 4338 flegsseieffirwahnung
966 4221 1254 4320 geschicht‚
1291 4220 1432 4271 woh'l
1458 4221 1584 4272 aber
1620 4221 1710 4271 der
1739 4221 2176 4286 Schauenburger
2195 4222 2502 4288 Anspriiche
