3158 5260
979 479 992 484 “
1033 494 1236 550 PARS
1289 496 1350 551 V.
1418 495 1556 548 Am
1601 494 1785 550 1476.
2396 486 2524 551 3⁰7

290 694 661 775 kopmanni,
719 693 994 775 quodam
1039 696 1392 776 kopmanno
1450 696 1747 758 existente
1790 696 1851 758 in
1910 715 2100 758 causa
2144 694 2306 758 dicto
2352 695 2528 758 Hans

296 796 778 875 Calueswynkel,
825 795 1099 859 *cultore
1144 798 1381 860 Cereris
1427 804 1490 859 et
1533 796 1818 873 Bacchi*,
1863 805 1925 859 et
1967 799 2063 860 sui
2110 798 2362 860 iuvenes
2408 799 2528 875 [in-

286 899 550 973 ‚cinerati
594 902 762 975 sunt]
790 897 856 982 1).

459 1000 696 1063 Eodem
763 1021 925 1064 anno
986 1001 1264 1064 cessavit·
1305 1002 1890 1085 Luneburgensium
1948 1002 2213 1085 vectigal
2277 1014 2526 1076 novum,
2588 1003 2591 1006 ’

227 1114 255 1158 5
292 1103 369 1168 de
415 1124 540 1186 quo
586 1101 814 1189 suflpra,
862 1109 1057 1182 [metu
1093 1105 1505 1167 diffedationis
1539 1106 1806 1167 aliarum
1853 1104 2202 1181 civitatum]
2228 1103 2293 1187 2).
2360 1106 2523 1168 Ven-
2547 1104 2825 1175 F01.31‹¹·

292 1215 390 1269 tus
438 1226 695 1289 quoque
738 1207 983 1270 validus
1027 1209 1398 1270 subsolanus
1443 1208 1899 1288 vehemensque
1934 1206 2216 1269 Frisones
2255 1208 2524 1269 mersch-

292 1330 551 1373 mannos
595 1329 912 1391 navesque
957 1311 1313 1374 innumeras
1357 1311 1659 1394 confregit
1706 1310 2011 1390 terrisque
2053 1309 2300 1389 impulit
2324 1307 2391 1392 ³).

461 1413 602 1473 Hoc
663 1431 829 1473 anno
905 1413 966 1473 in
1034 1413 1357 1487 Morauia,
1430 1413 1468 1475 i.
1540 1432 1591 1473 e.
1655 1412 2014 1485 Meerland,
2088 1417 2366 1493 repertus
2436 1419 2527 1474 est

292 1513 574 1594 [quidam
618 1514 950 1588 heremita,
1015 1520 1208 1592 totus]
1243 1516 1654 1596 hypocrita&
1716 1533 1860 1576 nam
1917 1510 2248 1600 [clanculo]
2303 1516 2528 1578 occidit

196 1626 257 1671 10
291 1624 353 1677 et
405 1618 706 1679 foeminas
767 1618 1092 1698 oppressit,
1152 1618 1407 1702 singulis
1467 1624 1677 1680 tamen
1738 1617 1957 1679 diebus
2018 1618 2320 1702 virginem
2381 1618 2526 1680 Ma-

292 1719 449 1781 riam
510 1718 735 1782 devote
793 1720 1107 1782 salutavit.
1218 1720 1500 1783 Tandem
1562 1721 1625 1781 in
1685 1720 1920 1800 campis
1980 1738 2170 1782 unam
2230 1702 2532 1782 villanam'

293 1822 593 1905 virginem
646 1821 1070 1903 *opprimere*
1121 1825 1346 1896 voluit,
1393 1842 1559 1905 quae
1606 1823 1754 1885 dum
1802 1829 2151 1885 constanter
2204 1823 2523 1885 clamavit:
2586 1821 2589 1822 ⁷

294 1923 348 1986 Ο
391 1924 625 1998 Maria,
685 1924 918 1987 adiuva
973 1922 1099 1987 me!
1160 1925 1407 1987 erubuit
1467 1926 1597 2006 ipse
1651 1944 1728 1987 ao
1782 1944 1921 1987 eam
1971 1925 2219 1998 dimisit,
2270 1931 2525 2005 accepta

291 2030 639 2108 sponsione,
704 2049 782 2090 ne
823 2028 1120 2109 cuiquam
1180 2027 1537 2090 huiusmodi
1596 2028 1841 2091 diceret.
1946 2027 2067 2091 Sed
2121 2027 2229 2089 illa
2273 2028 2527 2090 minime

195 2145 253 2188 15
290 2130 508 2201 tacuit;
586 2129 726 2193 ideo
793 2130 924 2210 ipse
986 2131 1408 2211 apprehensus
1468 2128 1549 2192 ad
1609 2130 1816 2214 ignem
1871 2129 2181 2191 iudicatus
2240 2134 2355 2203 est,
2416 2131 2524 2210 qui

291 2232 437 2294 dum
494 2234 675 2295 tertio
730 2234 791 2294 in
849 2233 1057 2316 ignem
1114 2234 1545 2313 proiiceretur,
1606 2252 1848 2313 semper
1906 2232 1983 2294 de
2039 2233 2182 2314 igne
2236 2252 2525 2294 excussus

289 2341 406 2408 est,
478 2335 628 2416 quia
689 2353 876 2416 saepe
932 2335 1250 2397 clamavit:
1322 2335 1376 2398 Ο
1433 2335 1670 2410 Maria,
1736 2335 2027 2397 miserere
2080 2331 2226 2396 mei!
2290 2336 2524 2397 cunctis

289 2437 687 2500 audientibus
750 2438 1081 2499 clamorem
1144 2457 1345 2500 suum.
1466 2438 1746 2500 Tandem
1810 2439 1887 2499 ob
1948 2443 2186 2500 tantam
2252 2438 2521 2522 gratiam

289 2540 579 2603 dimissus
641 2546 733 2603 est
788 2545 952 2618 [cum
1008 2559 1212 2621 poena
1267 2541 1787 2622 proscriptionisj,
1843 2561 1920 2603 ne
1973 2541 2096 2602 scil.
2141 2541 2203 2602 in
2249 2542 2367 2604 ista
2409 2561 2524 2623 pa-

187 2654 255 2700 20
288 2644 410 2706 tria
453 2662 755 2724 umquam
802 2650 1206 2724 compareret.
1279 2643 1630 2725 [Speratur,
1686 2644 1854 2725 quod
1910 2643 2273 2707 emendatus
2327 2646 2405 2707 sit
2450 2666 2523 2707 ex

289 2747 493 2832 gratia
539 2748 759 2809 beatae
803 2746 1049 2809 Mariae
1093 2746 1346 2830 virginis
1367 2745 1461 2829 4).]

458 2951 700 3015 Eodem
748 2972 913 3015 anno
944 2954 1144 3014 multa
1180 2953 1349 3014 mala
1382 2951 1527 3013 fecit
1559 2951 1971 3034 expugnando
2013 2932 2332 3030 [Karolus]
2364 2953 2523 3016 Bur·

289 3053 682 3137 gundionum
731 3055 856 3117 dux
899 3056 963 3116 in
1007 3055 1285 3135 partibus
1329 3052 1836 3137 Lothoringiaeb.
1919 3053 2070 3115 Fine
2113 3055 2281 3116 finali
2326 3057 2523 3117 victus

292 3156 516 3220 cecidit
567 3176 731 3220 anno
764 3156 1134 3230 LXle1.0,
1179 3156 1400 3219 Trium
1448 3175 1697 3241 regum,
1743 3175 2067 3236 percussus
2112 3176 2150 3218 a
2194 3159 2435 3220 rusticis
2457 3155 2524 3240 ⁵).

189 3369 254 3414 25
461 3361 618 3422 Item
688 3361 1002 3424 Johannes
1061 3360 1138 3422 de
1193 3360 1413 3422 Monte
1469 3360 1669 3445 regi0,
1735 3378 2016 3422 summus
2074 3361 2170 3422 sui
2230 3361 2523 3441 temporis

291 3469 712 3539 astronomus,
771 3483 812 3526 a
871 3463 1118 3544 Mathia
1174 3483 1321 3548 rege
1364 3463 1730 3524 Pannoniae
1781 3480 1821 3523 a
1878 3466 2092 3546 regno'
2133 3464 2381 3543 pellitur
2443 3464 2520 3524 ob

292 3566 613 3628 scientiam
673 3585 872 3629 suam.
975 3566 1157 3628 Venit
1200 3566 1390 3649 igitur
1443 3565 1504 3626 in
1550 3565 2048 3649 Nurenbergam,
2109 3571 2171 3626 et
2227 3566 2312 3627 ibi
2369 3567 2523 3627 bene

293 3668 461 3731 visus
495 3675 557 3732 et
601 3675 922 3732 contentus
961 3675 1100 3749 post
1134 3666 1312 3731 VII.d
1348 3686 1541 3729 annos
1587 3673 1867 3730 mortuus
1903 3674 1996 3730 est
2031 3667 2275 3737 ibidem,
2322 3667 2522 3744 [cuius

298 3789 464 3832 nuno
505 3770 869 3833 almanacke
915 3770 1343 3832 distrahuntur
1387 3788 1497 3848 per
1541 3769 1844 3832 mundum
1870 3768 1936 3854 6).

496 3925 564 3975 al.
602 3921 652 3974 8.
858 3924 910 3985 e)
947 3924 1041 3974 Ed.
1078 3924 1244 3974 Li..u.
1281 3924 1398 3975 Fa.:
1435 3924 1736 3976 Almanach.

294 4111 537 4162 ebeudas.
554 4113 603 4162 S.
624 4117 738 4162 382.
943 4111 1004 4173 3)
1041 4110 1251 4161 Andere
1273 4111 1535 4177 Beispiele
1557 4127 1663 4161 von
1690 4111 1780 4162 der
1794 4111 2092 4176 Hestigkeit
2119 4112 2284 4163 dieses
2297 4112 2528 4163 Sturmes

293 4179 441 4245 giebt
481 4179 805 4230 Detmar's
837 4179 1005 4229 Forte.
1039 4179 1118 4239 (S.
1149 4184 1262 4228 382.
1296 4182 1403 4234 83.)
1611 4179 1665 4241 4)
1711 4180 1811 4228 Mit
1846 4178 2057 4230 kleinen
2093 4180 2528 4244 Abweiohungen

295 4246 499 4297 erznhlt
536 4263 640 4297 von
675 4247 766 4296 De
783 4247 1017 4297 tmar's
1052 4247 1220 4297 Forts.
1257 4247 1341 4303 (S.
1368 4246 1515 4306 386.)
1731 4246 1785 4306 5)
1823 4246 1940 4312 vgl.
1968 4247 2211 4300 abendas.
2244 4263 2287 4296 z.
2320 4248 2371 4296 J.
2399 4249 2526 4297 1476

296 4316 373 4375 (u.
407 4315 494 4376 77)
533 4314 583 4365 S.
611 4320 858 4365 392—96.
1068 4313 1122 4377 6)
1159 4313 1320 4365 Nioht
1355 4314 1590 4365 erwdhnt
1627 4315 1682 4365 in
1716 4315 2048 4367 Detmar’s
2081 4315 2441 4379 Fortsetzung.

1919 4414 2017 4465 20*
