3158 5260
949 629 952 640 .
1039 547 1244 604 PARS
1297 549 1357 605 V.
1418 526 1557 604 Anu.
1601 547 1786 605 1485.
2397 543 2522 609 367

455 811 598 878 Hoc
639 811 855 906 anno],
897 818 1012 879 sub
1059 818 1292 880 octavis
1335 817 1555 881 Trium
1600 818 1874 902 Regum,
1921 816 2338 879 confoederati
2381 824 2525 880 sunt

287 916 677 980 civitatenses
734 919 798 980 in
842 920 1063 982 Lubek
1105 921 1257 982 *sub
1302 926 1473 983 certa
1518 940 1722 1001 poena
1767 925 1828 981 et
1871 902 2284 993 astrictione*,
2332 924 2426 994 ut,
2471 920 2523 982 si

290 1022 457 1081 *una
501 1019 952 1100 periclitaretur
985 1025 1097 1082 aut
1136 1013 1208 1106 [a
1239 1017 1614 1102 quibusdam
1653 1012 2059 1104 principibus]
2097 1024 2521 1105 gravaretur*,

178 1145 196 1163 ·
289 1140 500 1183 omnes
529 1121 643 1183 sibi
678 1121 889 1183 *iuxta
918 1140 1098 1184 suam
1131 1122 1498 1203 qualitatem
1535 1122 2076 1204 quantitatemque
2104 1124 2522 1185 substantiae*

217 1240 246 1283 5
284 1231 734 1288 succurrerent.
801 1222 1089 1306 Namque
1116 1221 1390 1308 Magnus
1425 1224 1549 1287 dux
1594 1224 1990 1309 Magnopolis
2028 1226 2105 1287 ab
2148 1233 2312 1286 una⁸
2363 1244 2522 1288 nau-

285 1329 573 1410 fragante
652 1327 905 1390 navium
978 1328 1379 1412 Bergensium
1453 1328 1599 1390 fecit
1660 1327 1901 1390 >auferri
1970 1326 2046 1389 de
2123 1327 2300 1389 litore
2359 1328 2524 1391 circa

286 1423 522 1496 Bucow
580 1426 805 1511 [ultra]
852 1428 976 1494 CL.
1037 1449 1254 1491 currus
1317 1435 1570 1492 onustos
1633 1434 1849 1494 contra
1908 1428 2089 1509 [illud
2150 1428 2228 1490 de
2283 1429 2519 1513 acquir.

286 1551 404 1596 rer.
452 1533 682 1597 domin.
730 1532 802 1596 L.
902 1528 1043 1609 Qua
1087 1530 1327 1594 ratione
1368 1533 1430 1595 in
1475 1531 1665 1607 fineb,
1722 1538 1784 1594 et
1827 1531 1893 1594 C.
1937 1530 2013 1593 de
2057 1532 2235 1593 furtis
2279 1531 2351 1595 L.
2441 1522 2525 1593 In

287 1645 492 1709 eum0,
556 1641 618 1698 et
679 1641 852 1698 extra
900 1636 976 1697 de
1030 1636 1379 1718 raptoribus
1429 1655 1478 1698 o.
1538 1631 2237 1696 Evcommunicationid.
2329 1635 2524 1696 Item⁶

185 1748 249 1792 10
287 1737 351 1800 in
396 1757 644 1800 summa
676 1737 992 1801 Confessio
1035 1734 1170 1802 Lib.
1202 1739 1283 1802 II.
1329 1738 1419 1801 tit.
1468 1738 1537 1802 V.
1587 1758 1646 1820 q.
1692 1735 1998 1819 XXVII.¹]
2071 1735 2257 1798 *Ideo
2304 1736 2523 1800 civita-

288 1844 525 1903 *tenses
570 1840 876 1925 indignati
918 1847 1062 1903 sunt
1106 1846 1167 1903 et
1212 1841 1493 1903 clanculo
1541 1839 1619 1903 de
1662 1839 1995 1902 salubriori
2038 1838 2313 1902 remedio
2348 1840 2522 1924 cogi-

287 1943 569 2017 *tabant,
625 1943 792 2025 quod
851 1949 1058 2006 tamen
1105 1943 1410 2025 principes
1457 1930 1712 2004 minime
1757 1942 2067 2014 latitabat,
2113 1960 2257 2004 nam
2302 1961 2519 2005 eorum

287 2046 509 2108 *amici
563 2065 847 2109 sermone
901 2046 1093 2108 latino
1154 2046 1363 2130 eis-de
1408 2064 1535 2108 una
1592 2044 1917 2107 civitatum
1963 2042 2520 2125 praeavisamenta,

287 2148 466 2213 *licet
509 2148 740 2223 illicita,
785 2149 931 2211 totis
974 2148 1368 2229 praecordiis¹
1396 2149 1849 2229 praestabant&

190 2257 248 2301 ¹⁵
459 2250 617 2312 Item
682 2256 820 2331 post
868 2250 1111 2312 Christi
1182 2250 1468 2312 Natalem
1537 2250 1688 2312 obiit
1754 2249 2014 2312 devotus
2081 2251 2172 2313 vir
2241 2251 2518 2314 Andreas

288 2351 813 2436 Waghendriuer,
858 2356 1146 2414 aeternus
1190 2352 1368 2414 iuxta
1408 2351 1724 2433 propriam
1774 2353 2329 2416 confessationemss
2372 2374 2518 2435 pos-

283 2474 482 2517 sessor
523 2456 766 2518 inferni.
793 2452 811 2539 ΙΙ
2537 2443 2669 2506 Fol.
2696 2452 2817 2511 38⁶·

449 2557 722 2619 *Eodem
767 2576 967 2632 ann0,.
994 2555 1095 2622 die
1140 2556 1392 2620 Veneris
1439 2564 1577 2639 post
1621 2557 2112 2633 PurificationiS,
2174 2577 2313 2619 cum
2370 2557 2515 2619 illu-

285 2663 478 2722 *stres
523 2661 709 2723 duces
753 2661 1292 2746 MagnopolenseS,
1336 2661 1610 2745 Magnus
1657 2667 1719 2724 et
1762 2662 2086 2724 Balthasar
2132 2661 2409 2740 [fratres,
2454 2667 2516 2723 et

185 2778 249 2822 ρο
284 2765 682 2844 *praesertim
741 2764 1073 2849 Magnus],
1143 2782 1354 2826 omnes
1412 2783 1558 2825 suos
1604 2764 1835 2826 nobiles
1894 2764 1971 2826 de
2034 2765 2228 2827 tribus
2295 2782 2512 2826 eorum

284 2867 500 2930 *terris
547 2867 756 2950 [quasi
801 2869 865 2930 in
911 2868 1202 2931 umbilico
1247 2867 1491 2948 imperii
1538 2865 1876 2942 eorundem
1923 2867 1984 2929 in
2024 2866 2228 2929 medio
2261 2863 2513 2948 campo]

284 2972 764 3033 *convocassent
792 2978 853 3032 et
881 2970 1334 3052 querimoniam
1371 2975 1586 3031 contra
1622 2969 2008 3033 civitatenses
2034 2969 2511 3052 proposuissent,

281 3071 767 3151 *responderunt
811 3072 1070 3134 militiae
1114 3072 1406 3145 maioreS‚
1462 3071 1764 3145 dicenteS,
1809 3092 1875 3133 se
1919 3073 1981 3134 in
2029 3073 2310 3135 omnibus
2355 3072 2512 3133 velle

226 3177 230 3182 ’
281 3175 444 3237 *suis
489 3175 862 3256 principibus
906 3176 1143 3250 subiici,
1186 3175 1292 3237 sed
1339 3180 1554 3237 contra
1599 3174 1878 3236 civitates
1922 3193 2109 3259 agere
2155 3196 2274 3238 non
2315 3193 2511 3255 posse,

184 3285 245 3329 25
280 3281 392 3338 *ex
438 3296 563 3358 quo
597 3278 838 3351 scirent,
885 3277 1070 3360 quod,
1114 3278 1164 3339 si
1200 3277 1615 3360 deliquissent,
1661 3277 1720 3338 in
1768 3278 1930 3338 iusto
1976 3276 2308 3340 dictamine
2352 3277 2511 3339 alia-

220 3455 228 3463 ·
280 3383 456 3441 *rum
503 3379 827 3442 civitatum
888 3380 1173 3443 libentius
1227 3387 1477 3447 starent.
1569 3380 1870 3442 Efferbuit
1923 3380 2204 3462 princeps
2259 3381 2511 3442 illustris

277 3479 589 3565 *Magnus
632 3481 956 3544 iracundia
1006 3500 1237 3566 magna
1282 3489 1497 3546 contra
1529 3483 1706 3565 ‘viros
1751 3486 2091 3556 sensatos*,
2148 3481 2383 3554 dicenS,
2442 3501 2510 3543 se

280 3584 435 3644 velle
480 3583 789 3645 advocare
834 3589 1075 3645 exteros
1127 3602 1251 3644 non
1309 3602 1451 3645 cum
1499 3602 1716 3645 eorum
1765 3583 1963 3659 lucro;
2025 3589 2086 3644 et
2142 3585 2230 3646 sic
2275 3604 2508 3666 equum

276 3685 608 3749 ascendens
683 3686 921 3749 curiam
982 3686 1178 3748 sancti
1237 3685 1530 3748 Anthonii
1591 3706 1731 3749 cum
1786 3686 1912 3748 suis
1969 3685 2180 3749 adivit.
2220 3684 2236 3771 Η
2272 3687 2509 3751 Eodem
2545 3712 2593 3761 p.
2632 3694 2761 3748 273.

178 3795 240 3838 ³⁰
275 3796 552 3871 tempore
596 3787 1078 3853 Rostokcensesh
1131 3809 1254 3851 non
1308 3791 1440 3852 sine
1494 3792 1763 3854 aliarum
1809 3790 2133 3853 civitatum
2178 3787 2508 3853 *commis-

271 3892 482 3955 sione*
567 3885 882 3973 captivum
953 3893 1262 3955 duxerunt
1335 3894 1720 3974 Quendam,
1801 3896 2181 3976 praefectum
2254 3892 2506 3956 domino

273 3995 430 4058 duce
483 4001 741 4059 auctore
792 3995 1099 4078 praesidio
1146 3995 1437 4070 Swaen*,
1497 3998 1744 4060 nomine
1790 3995 2215 4061 Gherardum¹
2260 3996 2505 4071 Vresen,

271 4155 340 4164 --.ο

471 4236 667 4287 kannte
743 4234 948 4287 Summa
1001 4237 1408 4304 poenitentiaria
1487 4235 1579 4287 des
1648 4235 1979 4299 Raymundus
2042 4235 2106 4287 de
2172 4234 2500 4302 Pennaforte.

471 4315 529 4369 gl
567 4305 661 4355 Ed.
693 4306 808 4355 Fa.:
872 4304 1249 4370 confessionem.
1466 4304 1530 4366 h)
1582 4304 1675 4354 Ed.
1714 4306 1793 4354 Li.
1825 4322 1874 4355 u.
1904 4306 2023 4355 Fa.:
2075 4304 2499 4361 Rostoehicenses.

467 4375 513 4434 i)
558 4372 652 4423 Ed.
687 4372 768 4422 Li.
806 4389 857 4423 u.
890 4373 1011 4424 Fan
1051 4371 1351 4423 Gerardum.
