3158 5260
214 1800 273 1843 10

208 2309 271 2352 15

209 2825 272 2868 20

1074 575 1273 630 PARS
1315 577 1367 630 Ι.
1457 575 1618 630 C'AP.
1665 574 1767 630 32.
2450 566 2528 630 91

1090 762 1455 857 Capitulum
1499 775 1748 841 XXXII.

308 887 423 1021 IN
479 959 693 1023 diebus
748 961 866 1024 illis
922 983 1026 1025 rex
1086 963 1481 1038 Woldemar,
1549 984 1692 1027 cum
1747 964 2065 1026 iuvamine
2108 964 2416 1026 Kazemar
2475 970 2536 1025 et

310 1063 618 1146 Bugislaff
670 1064 1059 1146 principum⁸
1120 1065 1639 1139 pomeranorum,
1702 1073 1763 1129 et
1819 1065 2178 1128 Praebezlai
2244 1065 2533 1146 principis

313 1165 755 1239 Obotritorum,
804 1166 865 1227 in
905 1186 1095 1228 manu
1137 1167 1343 1230 valida
1385 1170 1650 1231 obtinuit
1680 1176 1907 1231 terram
1943 1168 2398 1252 Rugianorum,
2434 1175 2496 1230 et
2517 1166 2533 1251 ΙΙ
2573 1168 2701 1231 Fol.
2734 1176 2814 1236 9⁰·

311 1268 609 1330 destruxit
652 1267 907 1330 fanumb
952 1289 1169 1331 eorum
1218 1266 1303 1356 [et
1339 1272 1739 1334 simulacrum
1780 1265 2119 1355 confregit}
2166 1276 2228 1330 et
2259 1269 2531 1349 locuples

311 1372 623 1433 aerarium
660 1371 930 1451 diripuit,
978 1379 1039 1434 et
1075 1372 1429 1434 aedificavit
1473 1375 1778 1446 ecclesias,
1824 1380 1885 1435 et
1928 1375 2147 1435 statuit
2183 1371 2530 1433 sacerdotes

311 1474 454 1547 Dei,
521 1473 956 1536 adiuvantibus
1018 1494 1160 1535 eum
1218 1476 1518 1556 episcopis
1563 1477 1691 1538 scil.
1739 1475 2004 1537 Absolon
2061 1473 2137 1534 de
2182 1473 2532 1535 Rotschilde

311 1582 372 1639 et
425 1576 706 1638 Bernone
764 1576 1269 1658 Magnopolensi,
1337 1584 1399 1638 et
1457 1579 1546 1639 sic
1599 1578 1876 1639 conversi
1929 1583 2073 1637 sunt
2128 1576 2396 1659 Rugiani
2451 1576 2528 1638 ad

310 1680 492 1742 fidem
553 1698 715 1740 anno
780 1678 1025 1740 Domini
1088 1689 1250 1747 1168
1283 1678 1346 1763 ¹).
1453 1680 1755 1755 Quamvis
1822 1672 1949 1740 tam
2019 1665 2124 1739 diu
2192 1678 2253 1738 in
2323 1697 2531 1739 errore

310 1784 810 1865 perseverabant,
856 1782 993 1862 plus
1039 1783 1320 1844 omnibus
1365 1782 1627 1856 SclauiS,
1674 1789 1850 1844 erant
1892 1787 2098 1843 tamen
2147 1780 2532 1860 hospitalesc,

309 1892 594 1967 parentes
652 1886 1047 1961 honorantes;
1116 1885 1354 1947 nullum
1414 1886 1698 1947 sinebant
1752 1905 1883 1946 esse
1938 1903 2202 1969 egenum
2248 1883 2404 1945 inter
2448 1904 2529 1958 se,

308 1988 452 2051 *sed
492 2007 701 2049 omnes
739 1989 1031 2050 fovebant
1063 2007 1225 2062 eum,
1254 1994 1579 2069 tamquam
1616 2007 1829 2049 curam
1868 1987 2108 2049 heredis
2148 1985 2438 2070 agentes*
2461 1986 2528 2071 2).

311 2090 670 2153 Servierunt
725 2090 853 2172 regi
898 2089 1220 2151 Danorum
1277 2085 1439 2175 [post
1483 2086 1973 2174 conversionem]
2029 2070 2142 2151 sub
2200 2090 2428 2152 tributo
2461 2088 2528 2173 ³).

312 2192 428 2255 Sed
476 2197 613 2272 post
656 2189 997 2274 re}{quisivit
1056 2191 1177 2252 dux
1226 2192 1355 2252 Leo
1414 2192 1806 2254 medietatem
1864 2193 2076 2255 tributi
2134 2211 2173 2253 a
2228 2211 2405 2275 rege,
2465 2198 2527 2254 et

309 2295 514 2357 renuit
548 2293 696 2355 dare
716 2292 794 2376 ⁴);
840 2293 979 2355 ideo
1019 2294 1286 2355 vastavit
1318 2294 1440 2356 dux
1474 2295 1769 2373 Daniam3
1816 2302 1953 2375 post
1990 2296 2107 2356 hoc
2146 2315 2249 2357 rex
2293 2295 2530 2356 amica-

311 2398 491 2459 batur
536 2415 676 2457 cum
724 2395 905 2468 duce,
951 2395 1198 2457 tradens
1253 2396 1367 2457 sibi
1422 2398 1632 2458 omnia
1676 2397 1753 2458 ad
1799 2398 2213 2467 voluntatem,
2259 2404 2321 2459 et
2363 2399 2530 2459 sacta

309 2506 402 2562 est
458 2518 578 2579 pax
638 2498 1001 2559 universalis
1069 2518 1175 2578 per
1233 2499 1551 2561 universas
1611 2505 1805 2562 terras
1851 2500 1997 2561 istas
2028 2496 2094 2583 ⁵).
2204 2500 2282 2561 Et
2335 2498 2529 2561 Prae-

311 2604 555 2667 bezlaus
579 2601 623 2676 (ἲ,
670 2601 950 2683 deposita
995 2602 1353 2676 rebellione,
1398 2603 1750 2666 aedificavit
1793 2599 2023 2690 [urbes]
2067 2602 2528 2685 Mekelenborg,

308 2708 534 2778 Yloue,
601 2705 859 2777 Rostok,
926 2713 987 2766 et
1046 2707 1456 2786 multiplicata
1516 2713 1607 2768 est
1666 2708 1881 2790 religio
1906 2705 1973 2790 6).
2074 2707 2151 2768 Et
2210 2704 2531 2767 mandavit

311 2809 715 2871 Guntzelinus
759 2806 1143 2888 *praefectus
1189 2807 1410 2870 castri*
1448 2808 1713 2888 Sweryn,
1762 2817 1831 2871 ut
1876 2830 2086 2871 omnes
2127 2809 2335 2872 Sclaui
2380 2806 2530 2869 *va-

308 2918 526 2996 gantes
561 2932 668 2992 per
702 2929 871 2983 arva,
922 2917 983 2971 et
1017 2930 1228 2972 omnes
1267 2909 1457 2971 tales*
1501 2918 1752 2991 propter
1790 2913 2112 2974 latrocinia
2149 2918 2529 2981 necarentur,

309 3021 372 3075 et
416 3015 688 3076 cohibita
731 3023 875 3074 sunt
917 3014 1083 3074 furta
1127 3018 1189 3074 et
1233 3012 1557 3074 latrocinia
1589 3011 1656 3097 7).

412 3424 471 3490 a)
508 3425 603 3474 Ed.
640 3425 730 3474 Fa.
779 3424 1090 3476 ffllschlich:
1131 3428 1454 3493 principium.
1671 3423 1733 3480 b)
1783 3424 1902 3475 Allo
1937 3423 2249 3489 Ausgabenz
2291 3422 2529 3490 phanum.

513 3491 574 3555 0)
627 3492 723 3542 Ed.
759 3492 876 3542 Fam
934 3492 1022 3542 hos
1060 3495 1214 3544 italis.
1487 3491 1544 3555 d)
1600 3491 1693 3541 Ed.
1748 3491 1829 3541 Li.
1882 3509 1932 3542 u.
1984 3493 2102 3543 Fau:
2172 3489 2529 3541 Praebeslaus.

512 3560 570 3622 e)
613 3560 684 3611 So
720 3560 857 3611 auch
892 3561 985 3611 Ed.
1069 3562 1129 3622 i.;
1166 3561 1259 3612 Ed.
1296 3561 1413 3611 Fa:
1450 3560 1574 3612 Ilov.

314 3918 346 3980 S
388 3924 431 3967 1.
469 3925 514 3967 2.
722 3916 782 3979 6)
837 3919 957 3984 Vgl.
1011 3918 1318 3969 Helmold
1369 3934 1482 3984 cap.
1542 3925 1617 3968 14.
1674 3919 1704 3980 ἓ
1746 3924 1776 3968 3
1829 3920 1916 3983 flg.
2157 3917 2212 3974 7)
2271 3916 2530 3968 Aehnlich

312 3987 478 4036 lautet
513 3987 604 4036 der
641 3987 859 4038 Schluss
908 4003 1011 4036 von
1049 3986 1426 4038 Helmold's
1462 3987 1697 4037 Chronik
1741 3988 1812 4036 im
1848 3985 1963 4035 Lib.
2000 3986 2068 4035 11.
2115 4000 2229 4050 cap.
2269 3988 2345 4034 14.
2384 3984 2417 4047 s
2457 3990 2529 4034 6.:

318 4053 388 4103 Et
418 4056 539 4119 quia
577 4053 839 4103 Stat-orum
879 4056 1101 4103 latrones
1142 4055 1490 4120 inquietabant
1527 4055 1836 4116 Teutonicos,
1871 4056 1958 4121 qui
1991 4052 2287 4103 habitabant
2320 4049 2528 4107 Zuert‘n,

312 4130 361 4170 et
407 4123 456 4170 ιή
506 4125 732 4170 terminis
770 4123 878 4171 ein-s·
921 4121 1249 4171 Gula-’elimes
1279 4124 1576 4190 praefectus
1614 4126 1777 4172 castri
1810 4158 1821 4170 .
1859 4159 1870 4170 .
1908 4157 1920 4169 .
1957 4121 2242 4180 mandavit,
2289 4128 2346 4169 ut
2386 4137 2530 4186 quos·

313 4206 505 4255 cunque
539 4188 805 4239 Slavormn
843 4192 1155 4239 invenissent
1189 4192 1468 4240 inc-edentes
1496 4208 1596 4257 per
1630 4193 1776 4248 aria,
1813 4190 1991 4256 quibus
2027 4207 2122 4238 non
2159 4197 2292 4237 esset
2325 4188 2530 4238 evidens

315 4260 476 4318 ratio,
512 4265 684 4323 captos
714 4260 885 4306 statim
922 4258 1192 4324 suspendio
1229 4267 1480 4308 necarent.
1552 4257 1625 4308 Et
1668 4257 1872 4308 cohibita·
1914 4266 2035 4307 sunt
2081 4264 2326 4324 uteunque
2360 4255 2535 4307 ›Sc-lavi

315 4344 348 4374 a
372 4325 544 4392 fumis
582 4333 630 4373 et
663 4343 696 4373 a
732 4325 1011 4375 latrociniis
1047 4328 1169 4376 suis.

2573 2226 2623 2276 p.
2659 2206 2778 2258 219.
