3158 5260
1047 568 1252 626 PARS
1295 570 1342 625 J.
1412 567 1571 627 CAP.
1619 572 1800 627 4-5.
2459 565 2538 632 13

316 763 500 852 [libro
524 777 601 836 25
628 778 654 807 ⁸
684 787 818 848 cap.
853 779 932 838 26
968 772 1199 851 speculi
1236 768 1613 857 historialis],
1650 772 1957 853 *paternis
1993 794 2101 855 per
2135 774 2345 837 omnia
2376 774 2533 836 votis

317 870 749 946 concordanS,*
774 873 884 953 qui
916 892 1200 936 successu
1239 881 1587 955 temporum
1620 881 1910 937 sanctum
1934 878 2298 939 Anscarium
2331 877 2536 940 archi-

316 975 662 1053 praesulem
688 973 714 1009 ¹‘
761 977 905 1037 fecit
946 976 1627 1060 Hammenburgensem
1681 984 1743 1039 et
1795 979 2339 1059 metropolitanum
2394 981 2535 1041 uni-

316 1076 505 1138 versis
542 1077 885 1139 borealibus
930 1079 1199 1158 populis;
1245 1084 1306 1140 et
1355 1080 1597 1162 *gratia
1640 1078 1738 1141 dei
1784 1084 2098 1161 respersa*
2142 1083 2298 1144 miro
2344 1082 2536 1143 crevit

251 1195 277 1239 5
315 1179 499 1241 modo
558 1178 913 1258 ecclesia1).
959 1179 1326 1241 Lotowico⁰
1382 1182 1570 1262 igitur
1616 1181 1930 1255 defuncto,
1992 1184 2100 1263 qui
2167 1184 2316 1245 obiit
2372 1203 2534 1246 anno

314 1282 547 1344 domini
602 1291 720 1349 841
749 1281 777 1319 ‘¹
823 1277 1008 1367 [libro
1056 1291 1133 1348 25
1180 1301 1311 1361 cap.
1362 1292 1439 1349 35
1473 1291 1496 1319 ⁰
1540 1284 1773 1364 speculi
1821 1281 2208 1370 historialis],
2265 1292 2536 1366 quatuor

315 1385 422 1446 filii
470 1386 601 1464 ejus
646 1392 896 1464 propter
940 1382 1352 1466 principat-um
1394 1385 1858 1460 contendebant,
1904 1393 1966 1448 et
2010 1394 2147 1449 orta
2189 1392 2331 1449 sunt
2375 1388 2534 1450 bella

316 1487 701 1550 *intestina*
786 1485 905 1549 Sed
950 1486 1200 1570 Sergius
1246 1505 1435 1567 papa.
1491 1489 1600 1568 qui
1647 1490 1849 1569 coepit
1903 1508 2066 1551 anno
2110 1491 2238 1554 scil.
2283 1490 2532 1552 Domini

316 1577 496 1662 845¹,
541 1590 671 1669 ipse
708 1588 1099 1651 concordiam
1141 1589 1300 1658 fecit,
1346 1588 1623 1654 dividens
1660 1611 1919 1675 regnum
1953 1592 2015 1652 in
2053 1595 2440 1673 *quatuoffss
2464 1589 2532 1674 ²).

219 1702 277 1746 1⁰
315 1688 424 1778 [de
467 1694 584 1754 isto
633 1691 770 1752 vide
802 1691 985 1754 latius
1030 1691 1092 1751 in
1136 1691 1386 1770 speculo
1433 1692 1732 1754 historiali
1767 1694 1919 1756 libro
1955 1703 2035 1762 25
2074 1714 2124 1757 c.
2160 1689 2333 1779 35.¹¹]
2395 1694 2534 1756 Hac

302 1797 753 1874 ’tempestate‘
784 1793 898 1872 ipsi
935 1792 1091 1854 Dani
1127 1792 1175 1854 F
1180 1793 1411 1855 risones
1455 1789 1733 1858 fecerunt
1777 1796 2160 1870 tributarios»,
2208 1796 2400 1857 classe
2445 1797 2534 1857 ci-

314 1897 566 1958 vitatem
615 1895 933 1959 Coloniam
982 1894 1364 1968 obsederunt,
1409 1898 1767 1977 parochiam
1812 1899 1851 1961 i.
1899 1909 1951 1960 e’.
2000 1897 2291 1959 diocesim
2332 1898 2534 1959 Ham-

314 2000 613 2083 menburg
638 1997 911 2060 funditus
935 1995 1291 2059 exciderunt
1312 1997 1377 2082 ³),
1403 2005 1463 2060 et
1490 2007 1738 2063 sanctus
1770 2000 2533 2081 archipraesulAnscarius

313 2101 468 2162 miro
515 2120 656 2162 cum
699 2099 825 2161 suis
869 2099 1175 2180 dispersus
1220 2106 1311 2162 est
1355 2100 1557 2165 modo.

214 2279 275 2322 15
406 2232 413 2241 ⁸
1194 2274 1550 2353 Capitulum
1598 2275 1665 2336 V.

312 2335 724 2472 LUtowicus
760 2409 775 2447 ¹
816 2416 1023 2472 tamen
1069 2412 1284 2489 postea
1328 2428 1432 2470 rex
1470 2409 1864 2482 Germaniae,
1907 2408 2068 2469 filius
2113 2406 2292 2472 videl.
2335 2407 2533 2469 Loto-

315 2508 503 2583 wicik,
551 2511 651 2572 cui
697 2512 1035 2573 Germania
1081 2513 1259 2573 cessit
1302 2510 1459 2572 inter
1503 2513 1721 2572 fratres
1767 2529 1806 2572 a
1851 2509 2066 2594 Sergio
2111 2510 2314 2590 Papa,
2359 2510 2531 2594 *glo-

314 2611 511 2674 riosus
567 2613 628 2675 in
688 2614 1043 2688 omnibus*,
1124 2620 1368 2695 pastore
1427 2611 1722 2675 ecclesiae
1802 2612 2146 2675 Bremensis
2223 2612 2530 2685 defunctO,

317 2714 525 2775 volens
584 2715 1263 2806 Hammenburgensem
1339 2715 1636 2777 resarcire
1699 2715 2044 2788 ecclesiam,
2125 2715 2350 2794 adjecit
2416 2716 2531 2778 sibi

212 2831 277 2874 20
314 2816 733 2890 Bremensem,
800 2824 869 2879 ut
912 2824 1068 2880 esset
1113 2814 1266 2900 unag]
1293 2815 1362 2902 4).
1463 2816 1604 2890 Quo
1668 2820 1831 2880 facto
1897 2825 2144 2880 sanctus
2203 2817 2790 2889 AnscariusFolAE*

314 2918 516 2998 coepit
560 2937 705 2980 oves
750 2918 975 2981 Christi
1035 2938 1402 2991 convocare,
1465 2925 1527 2981 et
1582 2921 1862 2983 Caesaris
1918 2921 2225 3006 legatione
2283 2922 2529 2981 functus

310 3003 633 3082 Danorum
669 3040 877 3106 regem
911 3020 1118 3083 adhuc
1148 3021 1439 3105 gentilem
1475 3018 1491 3104 {l
1525 3024 1960 3085 *favorosum*
2003 3023 2116 3084 sibi
2160 3022 2319 3095 fecit,
2363 3020 2532 3102 apud
2568 3058 2617 3107 p.
2654 3038 2780 3092 205,

311 3140 497 3202 quem
555 3122 817 3185 obtinuit
858 3121 1167 3185 statuendi
1223 3123 1541 3185 ecclesiam
1587 3124 1648 3186 in
1695 3121 2023 3188 Sleszwik¹
2071 3131 2132 3185 et
2174 3124 2235 3184 in
2282 3123 2441 3203 Ripa
2458 3119 2524 3207 ⁵),

310 3229 370 3285 et
432 3224 599 3304 quod
646 3244 826 3286 nemo
880 3223 1128 3286 deberet
1170 3224 1467 3305 impedire
1520 3225 1796 3307 aliquem
1847 3228 2150 3288 volentem
2211 3225 2525 3305 baptizari,

204 3339 268 3384 2⁵
310 3325 473 3388 unde
507 3332 569 3388 et
612 3327 769 3388 Dani
819 3333 880 3388 et
911 3326 1183 3389 Sueones
1220 3326 1518 3388 sudoroso
1561 3328 1770 3391 labore
1815 3329 2091 3391 Anscarii
2140 3323 2313 3413 [cum
2362 3323 2520 3412 suis]

306 3466 487 3473 Μ*
500 3467 621 3472 μψ-
638 3466 711 3472 Q

408 3532 462 3595 a)
499 3532 591 3582 Ed.
618 3532 696 3582 Li.
718 3537 769 3583 et
789 3532 909 3582 Fa:
948 3535 1026 3582 27.
1199 3532 1260 3589 b)
1296 3532 1388 3583 Ed.
1418 3549 1493 3598 pr.
1526 3532 1642 3583 hier
1677 3532 1780 3583 und
1809 3535 2068 3585 nachher:
2107 3535 2520 3601 areipraesulum.

509 3600 567 3661 e)
605 3600 698 3649 Ed.
723 3601 801 3649 Li.
816 3607 866 3650 et
880 3600 994 3649 Fa:
1028 3597 1305 3649 Lodowieo.
1443 3600 1498 3661 d)
1539 3601 1632 3649 Ed.
1649 3618 1723 3666 pr.
1737 3602 2043 3652 ffilsohlich:
2083 3608 2194 3651 941.
2333 3601 2390 3662 e)
2427 3602 2522 3650 Ed.

506 3668 586 3716 Li.
616 3675 667 3717 et
702 3668 815 3716 Fa:
854 3666 990 3717 libro
1014 3670 1076 3717 2⁷
1113 3682 1226 3733 cap.
1253 3673 1332 3717 37.
1501 3667 1546 3728 f)
1586 3669 1678 3717 Ed.
1699 3669 1775 3718 Li.
1799 3676 1850 3719 et
1870 3671 1984 3719 Fa:
2024 3673 2147 3729 8473
2183 3670 2317 3735 Mrg.
2353 3668 2521 3734 Hbg.:

509 3737 574 3785 al.
613 3739 726 3784 845.
931 3736 994 3800 g)
1044 3735 1179 3800 Mrg.
1229 3735 1395 3800 Hbg.:
1431 3737 1498 3786 al.
1538 3743 1640 3784 tres
1669 3744 1869 3802 partes,
1916 3740 2172 3802 reyt'ones,
2211 3740 2312 3787 tria
2347 3753 2519 3802 reyna.

506 3805 563 3862 h)
619 3803 713 3852 Ed.
763 3802 841 3851 Li.
882 3809 931 3852 et
968 3803 1057 3851 Fa.
1099 3802 1229 3853 eben
1274 3819 1330 3852 so
1377 3805 1474 3852 wie
1525 3803 1656 3853 Note
1708 3821 1750 3853 e.
1957 3806 1996 3866 i)
2046 3805 2135 3854 Ed.
2174 3804 2252 3853 Li.
2305 3812 2355 3855 et
2401 3806 2519 3855 Fa:

507 3869 826 3920 Ludow-ieus.
1030 3869 1095 3931 k)
1134 3871 1226 3920 Ed.
1249 3871 1326 3919 Li.
1356 3877 1405 3920 et
1431 3872 1544 3920 Fa.:
1583 3870 1851 3920 Lodowefec.
2025 3870 2066 3933 l)
2106 3872 2198 3922 Ed.
2230 3872 2310 3923 Li.
2332 3878 2383 3923 et
2403 3873 2521 3922 Fa.:

503 3937 783 3988 Sleszwiek.

300 4118 519 4177 quatuor
556 4109 874 4160 tetrarchiae.
1062 4107 1116 4169 3)
1154 4108 1408 4160 Ebendas.
1448 4125 1557 4175 cap.
1602 4117 1644 4159 5.
1682 4112 1712 4170 §
1743 4117 1783 4159 l.
1822 4110 2010 4162 Adam
2047 4114 2245 4164 Brem.
2283 4115 2519 4166 erwithnt

302 4179 446 4229 diese
505 4179 827 4242 Zerstiimng
879 4175 1181 4240 Hamburgs
1230 4177 1405 4239 nicht,
1459 4178 1600 4228 wohl
1654 4180 1777 4229 aber
1838 4178 2155 4233 Albertus
2220 4183 2394 4233 stad.
2452 4183 2520 4233 ad

301 4248 364 4297 A.
402 4250 515 4296 840.
722 4244 781 4309 4)
830 4243 1289 4308 Vg1.Helm01d
1338 4260 1451 4310 cap.
1491 4251 1534 4294 5.
1574 4247 1604 4304 ξ
1644 4252 1672 4295 2
1709 4249 1802 4297 mit
1847 4246 2033 4298 Adam
2082 4250 2275 4299 Brem.
2325 4250 2439 4301 Lib.
2476 4252 2516 4300 1.

301 4330 347 4365 c.
392 4320 499 4376 29„
561 4315 649 4364 der
703 4315 785 4366 die
834 4312 1009 4364 Union
1057 4311 1163 4361 und
1210 4312 1366 4362 deren
1412 4313 1762 4380 Besmtigung
1808 4317 1862 4365 in
1912 4316 2002 4367 das
2047 4317 2180 4368 Jahr
2226 4323 2322 4368 858
2371 4324 2518 4369 setzt.

303 4383 360 4442 5)
396 4382 513 4448 vgl.
554 4381 862 4435 Albertus
900 4378 1067 4430 Stad.
1105 4379 1167 4446 ad
1206 4381 1268 4429 A.
1306 4385 1402 4430 840
1441 4386 1642 4432 u.'858.
