3158 5260
994 589 1197 643 PARS
1256 591 1309 642 V.
1377 590 1513 642 Anu.
1560 589 1742 642 1467.
2158 671 2162 674 ᾖ
2353 583 2473 646 261

249 787 476 920 L‘Xnno
525 858 770 919 Domini
824 867 984 925 1467
1036 876 1239 918 comes
1285 857 1612 918 Palatinus
1659 875 1800 917 cum
1846 857 2054 919 multis
2101 857 2475 938 principibus

247 961 445 1022 voluit
469 959 1017 1039 *carnispriviare*
1042 961 1102 1021 in
1122 959 1396 1047 Colonia,
1423 957 1513 1038 [in
1537 963 1741 1032 finem,
1765 965 1836 1020 ut
1866 958 2186 1021 traditorie
2208 956 2475 1041 usurpa-

249 1069 383 1124 rent
405 1062 767 1142 civitatem}
817 1062 933 1123 Sed
959 1063 1044 1124 eis
1066 1063 1239 1124 salvo
1266 1060 1575 1123 conductu
1596 1060 1821 1123 *dato*
1839 1079 1877 1122 a
1902 1063 2244 1133 consulatu,
2264 1062 2474 1125 divina

249 1164 644 1244 dispositione
687 1166 906 1237 evenit,
953 1178 1023 1226 ut
1054 1164 1308 1247 quidam
1349 1164 1573 1227 ibidem
1616 1166 2047 1236 infirmaretur,
2091 1163 2472 1249 lantgravius

180 1282 208 1325 5
245 1267 322 1329 de
350 1267 647 1339 Ghemen,
704 1269 830 1349 qui,
877 1268 1106 1329 faciens
1151 1268 1264 1328 sibi
1310 1267 1745 1347 conscientiam
1792 1285 2085 1349 magnam
2133 1266 2209 1327 de
2254 1267 2471 1330 huius·

246 1369 408 1431 modi
456 1369 863 1444 tradimento‚
920 1372 1324 1435 confitebatur
1379 1370 1685 1431 sacerdoti
1745 1369 2100 1430 huiusmodi
2160 1367 2467 1442 delictum,

246 1473 571 1555 iniungens
606 1475 735 1545 sibi,
783 1474 950 1556 quod
996 1473 1201 1535 statim
1251 1492 1323 1534 eo
1370 1473 1612 1534 sublato
1659 1471 2019 1534 admoneret
2061 1471 2469 1546 consulatum,

248 1575 413 1656 quod
450 1584 510 1637 et
545 1579 776 1639 sactum
811 1584 919 1640 est.
992 1575 1200 1654 [Unde
1245 1560 1446 1636 ortum
1494 1582 1586 1636 est
1617 1594 1901 1637 murmur
1939 1592 2252 1655 magnum,
2299 1576 2465 1656 quod

248 1678 393 1739 dum
443 1679 708 1739 innotuit
752 1679 1152 1758 principibuS‚
1212 1679 1565 1760 negativam
1616 1672 1897 1762 dabant]
1954 1677 2324 1739 Consulatus
2368 1687 2467 1741 ta-

151 1790 207 1831 10
247 1799 383 1842 men
438 1760 695 1865 singulis
753 1781 1031 1842 noctibus
1084 1779 1248 1840 ultra
1302 1779 1785 1863 quadringentos
1836 1792 2113 1840 armatos
2159 1780 2467 1842 ordinavit

247 1882 561 1945 custodiae
595 1884 877 1956 civitatis,
905 1878 999 1968 [et
1024 1882 1267 1944 Ast-roth
1297 1877 1584 1967 obticuit]
1613 1880 1678 1965 1).
1725 1882 1958 1944 Eodem
1987 1902 2150 1946 anno
2182 1883 2468 1948 domina-

249 1989 426 2049 batur
480 2007 684 2049 comes
730 1984 1088 2048 Gherardus
1134 1984 1210 2046 de
1256 1985 1641 2047 Oldenborch
1700 1985 1758 2045 in
1808 1985 2132 2047 Holtzacia
2186 1997 2255 2049 ut
2299 2009 2464 2052 mar-

244 2091 477 2152 scalcus
510 2089 740 2155 domini
771 2088 931 2172 regis
951 2088 1183 2150 Daciae
1206 2087 1271 2171 2),
1301 2094 1363 2149 et
1388 2108 1493 2148 rex
1518 2088 1907 2171 obligabatur
1928 2088 2373 2151 Lubicensibus
2402 2092 2463 2153 in

244 2211 467 2276 magna
523 2210 764 2253 summa
816 2191 1130 2270 pecuniae,
1177 2190 1480 2268 praestitis
1524 2189 1984 2252 fideiussoribus
2029 2189 2104 2251 de
2144 2192 2464 2255 Holtzacia

144 2307 202 2347 15
244 2296 382 2376 [sub
429 2303 594 2356 certo
641 2290 874 2378 pacto]
968 2293 1271 2354 Revoluto
1316 2299 1525 2354 autem
1586 2293 1868 2353 termino·
1907 2294 2122 2355 moniti
2169 2300 2335 2367 sunt,
2397 2303 2465 2357 ut

241 2398 538 2459 intrarent
570 2396 804 2467 Lubek.v
854 2417 963 2457 nec
1008 2397 1256 2467 exirem
1308 2396 1417 2456 nisi
1466 2395 1773 2456 solutione
1820 2398 2001 2467 facta,
2050 2391 2267 2480 [prout
2303 2400 2461 2477 pacti

241 2494 434 2585 sunt}
480 2506 540 2558 et
582 2500 669 2558 sic
710 2501 943 2559 factum
990 2506 1080 2558 est
1103 2497 1169 2579 3).

412 2701 611 2787 [Anno
666 2702 882 2764 eodem
943 2704 1363 2763 revertebatur
1417 2702 1700 2764 Marinus
1758 2701 1834 2762 de
1882 2703 1927 2762 F
1931 2721 2162 2785 rageno
2208 2704 2465 2788 legatus

242 2813 311 2866 ut
355 2806 653 2886 reciperet
698 2806 859 2867 bona
881 2801 898 2888 Η
922 2805 1155 2867 civibus
1201 2806 1263 2867 in
1297 2804 1515 2893 Lubek
1564 2814 1627 2865 et
1669 2805 2039 2867 Luneborch
2083 2808 2462 2881 commissa⁸‚
2512 2820 2561 2870 Ρ·
2601 2800 2716 2855 251·

142 2919 204 2962 20
240 2915 302 2969 et
345 2927 527 2969 nemo
571 2907 684 2969 sibi
732 2906 936 2976 dabat,
984 2907 1134 2987 quia
1181 2926 1285 2968 rex
1326 2906 1560 2968 Daciae
1606 2908 2062 2988 approximavit
2108 2908 2461 2973 huiusmodi

238 3011 350 3073 sibi
417 3030 525 3090 per
593 3010 1031 3072 cancellarium
1101 3029 1316 3082 suum,
1385 3018 1455 3070 ut
1522 3028 1712 3089 supra
1781 3011 1984 3091 patuit
2050 3031 2211 3073 anno
2278 3012 2460 3076 LXV.

241 3114 749 3176 Comminabatur
785 3114 1069 3175 Marinus
1099 3113 1431 3174 sententias
1469 3113 2138 3189 excommunicationis
2172 3114 2276 3176 sed
2314 3115 2461 3177 nihil

240 3217 522 3295 profecit,
570 3217 720 3297 quia
766 3217 1045 3299 mulgere
1090 3215 1382 3278 desistere
1429 3215 1628 3277 noluit
1648 3210 1746 3300 4).]

409 3316 644 3379 Eodem
705 3335 896 3389 ann0‚
959 3317 1333 3379 Inventionis
1392 3319 1615 3389 crucisq
1686 3320 1853 3380 venit
1912 3318 2127 3380 Lubek
2189 3319 2462 3381 marchio

139 3432 199 3474 25
244 3419 601 3482 Fredericus
661 3440 801 3481 cum
847 3421 1133 3482 Johanne
1193 3420 1269 3482 de
1312 3421 1721 3483 Louenborch
1785 3428 2035 3502 propte-r
2094 3421 2334 3494 Molne,
2394 3429 2464 3483 ut

240 3522 470 3584 dictum
510 3529 602 3584 est
630 3543 819 3603 supra
856 3543 1018 3585 anno
1046 3523 1228 3586 LXV.
1298 3524 1349 3584 F
1352 3525 1471 3585 ecit
1502 3532 1710 3585 tamen
1749 3525 2104 3586 consulatus
2127 3519 2143 3606 Η
2167 3522 2462 3586 custodiri
2486 3519 2764 3587 F01.26‹¹-

241 3644 348 3704 per
391 3624 661 3685 soldatos
705 3626 935 3695 Molne,
982 3632 1043 3687 et
1086 3625 1478 3688 circumfodit
1525 3609 1686 3687 vallo
1733 3646 1894 3688 novo
1944 3625 2371 3706 Bergherdorp
2394 3625 2463 3709 ⁵).

342 3878 401 3947 a)
435 3884 494 3932 Iu
532 3884 622 3932 der
656 3884 750 3933 Ed.
788 3900 864 3949 pr.
902 3901 953 3933 u.
989 3884 1076 3935 bei
1110 3884 1190 3934 Li.
1230 3901 1281 3934 u.
1316 3885 1406 3934 Fa.
1443 3884 1757 3935 salsehlich:
1794 3886 2085 3935 commissis.
2524 3886 2567 3929 Ο

240 4071 348 4119 und
384 4070 511 4119 wird
547 4068 789 4120 Marinus
838 4072 922 4120 ein
959 4072 1131 4122 doctor
1174 4079 1430 4135 genannt:
1484 4071 1619 4121 auch
1668 4073 1784 4121 hier
1830 4073 1897 4122 ist
1944 4088 2046 4121 nur
2081 4087 2185 4121 von
2223 4070 2466 4121 Biichern

240 4137 346 4187 und
384 4137 578 4187 andern
603 4138 919 4189 Kleinodien
951 4157 1083 4205 ganz
1112 4140 1342 4205 generell
1368 4141 1451 4190 die
1478 4139 1632 4189 Rede.
1841 4139 1893 4200 5)
1933 4140 1981 4189 S.
2015 4138 2148 4188 oben
2177 4139 2226 4187 S.
2255 4144 2352 4187 ‘252
2377 4139 2466 4201 fig.

240 4223 292 4255 u.
332 4205 438 4270 vgl.
476 4205 805 4254 Det'mar's
845 4207 1010 4257 Forte.
1046 4226 1089 4257 κ.
1126 4210 1178 4257 J.
1224 4211 1343 4258 1467
1385 4207 1461 4269 (a.
1501 4224 1544 4255 a.
1585 4207 1644 4256 Ο.
1685 4209 1736 4257 S.
1774 4213 1885 4256 301.
1925 4210 1996 4269 2),
2033 4223 2112 4255 wo
2152 4206 2348 4256 Friedr.
2386 4206 2465 4256 als

240 4273 518 4338 Markgraf
549 4288 650 4321 von
682 4273 1060 4339 Brandenburg
1087 4277 1196 4325 und
1229 4276 1439 4339 Herzog
1468 4275 1682 4324 Johann
1720 4276 1797 4325 als
1821 4275 2000 4325 dessen
2032 4273 2464 4337 Schwiegcrsohn

241 4340 549 4391 bezeichnen:
584 4341 736 4401 wird,
785 4342 918 4390 auch
967 4343 1132 4393 nebcn
1171 4345 1438 4393 melu-cren
1474 4343 1665 4392 Grafen
1704 4342 1842 4392 noch
1892 4339 2104 4407 Herzog
2142 4342 2464 4390 Heinruvon

244 4408 595 4473 Meklenburg
631 4409 723 4457 mit
762 4411 889 4460 zwei
930 4411 1138 4462 Solmen
1178 4412 1254 4460 als
1285 4410 1549 4477 Begleiter
1585 4409 1673 4460 des
1708 4410 2043 4476 Markgrafen
2082 4415 2315 4475 genennt
2349 4410 2433 4460 ist.
