3158 5260
871 579 1076 636 PARS
1119 578 1236 633 ΙΙΙ.
1292 578 1432 633 Arm.
1474 576 1927 634 1380-1385.
2253 598 2273 617 ·
2394 571 2515 636 143

453 780 485 859 5
529 779 805 843 Venetia.
896 782 1073 843 Anno
1118 778 1336 842 eodem
1381 776 1750 839 Lodewicus
1764 780 1807 850 ⁸,
1851 796 1955 839 rex
1999 777 2331 862 Ungariae,
2376 779 2513 841 val-

286 882 440 945 lavit
496 884 710 944 urbem
754 883 1182 956 venetiarum,
1229 888 1292 943 et
1335 881 1497 942 cives
1543 898 1684 940 cum
1731 878 1963 941 auxilio
2008 877 2180 941 ducis
2225 880 2513 943 Austriae

203 1021 214 1029 -
287 988 349 1043 et
399 981 628 1043 civium
675 982 1087 1044 Januensium
1143 982 1206 1042 in
1259 986 1502 1042 tantum
1550 979 1931 1063 angariavit,
1975 985 2046 1040 ut
2091 982 2258 1042 omni
2304 1000 2513 1043 mense

192 1709 253 1753 10

189 2213 251 2259 15

284 1081 697 1165 stipendiariis
741 1083 869 1146 suis
913 1082 1135 1146 darent
1178 1083 1246 1145 C.
1292 1081 1491 1144 millia
1536 1081 1939 1154 ducatorum,
1983 1087 2046 1143 et
2089 1084 2257 1165 quod
2304 1089 2513 1147 muta-

286 1193 422 1248 rent
463 1186 732 1270 sigillum
787 1205 1003 1258 suum,
1059 1204 1138 1247 ne
1180 1186 1447 1266 amplius
1491 1186 1827 1247 scriberent
1850 1205 1934 1251 ,se
1977 1183 2261 1249 dominos
2305 1189 2511 1261 maris,

287 1295 349 1350 et
380 1288 547 1370 quod
576 1289 687 1350 sibi
719 1280 1035 1351 traderent
1061 1285 1501 1350 'Phernisiumb
1536 1295 1599 1350 et
1625 1287 1986 1362 marchiam,
2019 1296 2081 1351 et
2116 1290 2278 1351 ultra
2309 1289 2513 1351 solve-

293 1396 429 1453 rent
472 1409 684 1452 omnes
731 1409 1027 1472 expensas
1073 1410 1219 1453 suas
1255 1396 1318 1452 et
1358 1408 1616 1453 suorum
1662 1388 1889 1453 ibidem
1934 1394 2155 1464 factaS,
2197 1386 2286 1476 [et
2318 1390 2513 1453 liben-

290 1501 383 1555 ter
418 1512 485 1554 se
523 1490 935 1578 subdidissent
967 1492 1332 1555 subiectioni
1368 1512 1521 1555 suae
1559 1493 1640 1556 ad
1672 1498 1917 1573 tempus
1951 1493 2118 1556 vitae
2159 1490 2334 1579 suae]
2359 1492 2426 1577 1).

453 1595 484 1675 5
529 1594 804 1658 Lubeke.
893 1597 1071 1658 Anno
1116 1595 1368 1657 Domini
1417 1603 1608 1666 1383,
1664 1614 1806 1657 cum
1854 1595 2210 1657 adolescens
2255 1594 2512 1677 quidam

288 1697 348 1759 in
408 1697 626 1760 Lubek
686 1696 765 1760 ad
826 1697 1226 1779 suspendium
1287 1698 1650 1765 duceretur,
1716 1696 1928 1780 imago
1988 1704 2240 1760 sanctae
2298 1698 2514 1769 crucis,

290 1818 499 1861 coram
560 1817 688 1881 qua
747 1802 994 1874 orabat,
1053 1801 1186 1881 ipso
1247 1801 1324 1862 ab
1381 1800 1665 1862 oratione
1707 1807 2026 1883 surgente,
2071 1800 2264 1862 erexit
2308 1805 2514 1880 caput,

290 1901 457 1984 quod
515 1901 765 1964 brachio
820 1901 1611 1982 habebat-appodiatu1n0‚
1671 1907 1733 1963 et
1785 1909 1924 1981 post
1966 1909 2211 1985 tergum
2255 1922 2515 1983 suspen-

289 2002 473 2064 dendi
531 2004 825 2084 respexit,
891 2005 952 2066 in
1014 2004 1179 2075 ioco,
1238 2003 1346 2065 ubi
1404 2002 1611 2066 adhuc
1670 2003 1857 2066 hodie
1914 2004 2153 2085 capella
2196 2023 2392 2085 parva
2450 2005 2514 2066 in

290 2104 522 2166 honore
564 2111 817 2167 sanctae
860 2104 1058 2168 crucis
1103 2105 1433 2167 aedificata
1477 2112 1569 2167 est
1591 2100 1659 2188 ²).
2246 2173 2262 2185 ,

456 2207 488 2286 5
530 2205 972 2292 Magdeborch.
1084 2210 1261 2270 Anno
1306 2206 1527 2269 eodem
1564 2203 1974 2268 Lodewicus‘¹
2018 2206 2516 2288 archiepiscopus

286 2308 870 2394 Magdeburgensis,
916 2311 1106 2372 frater
1152 2309 1469 2372 Wilhelmi
1515 2307 1889 2371 marchionis
1934 2308 2325 2383 Misznensis,
2373 2328 2516 2372 cum

243 2396 348 2472 ‘in
394 2409 622 2492 oppido
667 2412 954 2474 Kaluen0
1009 2431 1149 2473 cum
1206 2410 1477 2493 pulchris
1519 2409 1902 2472 dominabus
1961 2431 2068 2492 per
2110 2416 2306 2473 totam
2352 2411 2516 2474 diem

184 2731 250 2775 20

183 3242 248 3287 25

286 2532 489 2594 usque
532 2512 611 2576 ad
658 2512 935 2576 medium
979 2513 1172 2576 noctis
1217 2513 1600 2586 chorisasset,
1644 2511 1874 2595 gradus
1907 2512 2252 2575 consistorii
2295 2513 2518 2576 cadere

287 2623 641 2699 coeperunt,
687 2623 750 2681 et
782 2616 872 2680 sic
913 2615 1063 2698 ipse,
1106 2634 1248 2678 cum
1294 2634 1422 2678 una
1458 2616 1670 2677 volens
1717 2616 1951 2700 fugere,
1997 2613 2223 2678 cadens
2259 2614 2338 2678 de
2368 2635 2516 2700 gra-

287 2718 465 2783 dibus
510 2739 653 2782 cum
697 2719 805 2781 iila
848 2718 1058 2782 fractis
1103 2717 1459 2792 cervicibuS,
1503 2723 1788 2779 mortuus
1833 2724 1925 2779 est
1947 2719 2021 2792 ³).

455 2822 487 2901 5
531 2820 934 2887 Wilsznacof.
1038 2821 1214 2884 Anno
1261 2820 1514 2883 Domini
1561 2828 1767 2888 1384ss
1808 2820 2010 2900 primo
2057 2818 2286 2898 incepit
2328 2817 2516 2881 *con-

286 2922 539 2986 cursus*
582 2924 659 2986 de
706 2923 989 2986 omnibus
1032 2927 1161 2986 fere
1206 2921 1668 3010 christianitatis
1713 2921 1992 3002 partibus
2036 2922 2098 2983 in
2148 2922 2517 2995 Wilsznac0,

288 3026 436 3088 villa
471 3033 675 3089 terrae
710 3026 1003 3109 Prignitz,
1036 3032 1286 3107 propter
1317 3024 1584 3086 hostiam
1620 3023 1937 3104 quandam
1975 3023 2518 3107 sanguinolentam

287 3135 425 3211 post
488 3128 997 3191 incinerationem
1025 3176 1040 3182 -
1065 3127 1269 3191 dictae
1333 3126 1516 3188 villae
1597 3131 1660 3187 et
1724 3126 2021 3188 ecclesiae
2087 3125 2220 3187 eius
2286 3125 2514 3188 ibidem

284 3237 591 3312 repertam
614 3230 685 3315 4).

454 3333 485 3412 5
530 3332 805 3396 Lubeke.
914 3332 1092 3393 Anno
1137 3330 1387 3393 Domini
1438 3327 1641 3398 1385ιι
1687 3327 1943 3411 quidam
1989 3328 2332 3390 mechanici
2375 3348 2517 3409 pes-

283 3433 425 3495 simi
470 3434 797 3497 traditores
841 3435 902 3496 in
952 3438 1132 3496 nocte
1172 3433 1367 3494 sancti
1401 3431 1721 3494 Lamberti
1753 3428 1771 3516 ΙΙ
1799 3430 2045 3494 tradere
2086 3433 2514 3512 proponebant
2534 3448 2668 3511 [θοι.
2698 3457 2818 3517 14⁰·

286 3535 465 3597 certis
512 3536 819 3599 Holtzatis
861 3531 1270 3598 Lubicensem
1332 3535 1678 3608 civitatem,
1723 3540 1785 3596 et
1828 3553 1970 3596 cum
2017 3552 2235 3596 eorum
2280 3532 2513 3595 auxilio

486 3708 544 3765 e)
579 3707 673 3757 Ed.
694 3707 812 3759 Fa:
849 3704 1062 3758 Kalven.
1267 3706 1317 3760 s)
1355 3705 1449 3756 Ed.
1472 3691 1554 3755 Li‘.
1585 3706 1770 3756 u.Fa.z
1819 3701 2089 3756 Wilsnaco.
2293 3703 2355 3769 g)
2391 3703 2510 3754 Alle

485 3774 786 3841 Ansgaben,
814 3775 954 3825 auch
976 3775 1060 3826 die
1081 3773 1175 3824 Ed.
1196 3789 1268 3838 pr.
1277 3813 1290 3839 ‚
1312 3773 1627 3825 fulschlichz
1667 3770 1821 3834 1484,
1976 3771 2037 3835 h)
2077 3771 2172 3822 Ed.
2193 3771 2300 3822 Βία
2342 3768 2511 3832 1387,·

486 3843 620 3909 Mrg.
658 3842 827 3908 Hbg.=
864 3842 930 3893 al.
966 3840 1121 3893 1385.

281 4031 597 4080 concavitate
630 4029 744 4081 sich
770 4030 921 4095 jenes
943 4028 1490 4080 matter-Gottes-Bild
1523 4027 1817 4091 befunden,
1853 4028 1970 4078 eine
2004 4026 2367 4079 vielbesuohte
2402 4026 2511 4080 und

283 4095 450 4147 durch
496 4096 760 4148 zahlreich
806 4096 924 4148 dort
967 4097 1187 4162 erfolgte
1227 4096 1457 4147 Wunder
1492 4095 1931 4161 ausgezeichnete
1966 4094 2175 4161 Capelle
2223 4100 2398 4159 spater
2432 4111 2508 4145 er-

281 4162 424 4214 baut.
496 4164 548 4213 S.
593 4164 730 4215 auch
775 4165 1045 4215 Detmar
1080 4180 1126 4213 a.
1162 4180 1207 4213 a.
1244 4164 1307 4215 Ο.
1353 4166 1403 4215 S.
1440 4170 1537 4214 323
1574 4180 1620 4213 z.
1654 4165 1706 4214 J.
1753 4169 1891 4212 1383.
2096 4164 2152 4220 3)
2200 4162 2318 4227 Vgl.
2354 4162 2509 4213 Cor·

281 4247 393 4282 ner
436 4231 501 4281 ad
536 4232 598 4282 A.
644 4237 767 4282 1383
804 4231 864 4289 (1.
902 4247 949 4282 c.
987 4247 1104 4297 pag.
1147 4230 1317 4294 1140).
1520 4231 1578 4293 4)
1619 4231 1671 4281 S.
1711 4231 1956 4281 Corner
1991 4229 2060 4279 ad
2095 4230 2157 4280 A.
2198 4235 2322 4280 1384
2363 4230 2423 4290 (l.
2460 4245 2507 4281 c.

281 4313 398 4366 pag.
443 4298 594 4361 1142)
632 4298 740 4349 und
776 4300 1047 4350 Detmar
1080 4315 1201 4350 zum
1236 4302 1287 4351 J.
1328 4304 1456 4350 1383
1493 4298 1562 4364 (a.
1601 4314 1645 4348 a.
1684 4299 1746 4350 Ο.
1783 4300 1835 4350 S.
1871 4301 2018 4362 325).
