<?xml version="1.0" encoding="UTF-8"?>
<!DOCTYPE html PUBLIC "-//W3C//DTD XHTML 1.0 Transitional//EN"
    "http://www.w3.org/TR/xhtml1/DTD/xhtml1-transitional.dtd">
<html xmlns="http://www.w3.org/1999/xhtml" xml:lang="en" lang="en">
 <head>
  <title>
</title>
<meta http-equiv="Content-Type" content="text/html;charset=utf-8" />
  <meta name='ocr-system' content='tesseract 3.04.00' />
  <meta name='ocr-capabilities' content='ocr_page ocr_carea ocr_par ocr_line ocrx_word'/>
</head>
<body>
  <div class='ocr_page' id='page_1' title='image "./chroniconsclavi01laspgoog_0261.png"; bbox 0 0 3158 5260; ppageno 0'>
   <div class='ocr_carea' id='block_1_1' title="bbox 1026 553 2531 617">
    <p class='ocr_par' dir='ltr' id='par_1_1' title="bbox 1026 553 2531 617">
     <span class='ocr_line' id='line_1_1' title="bbox 1026 553 2531 617; baseline 0.003 -5"><span class='ocrx_word' id='word_1_1' title='bbox 1026 558 1228 613; x_wconf 86' lang='lat' dir='ltr'><strong><em>PARS</em></strong></span> <span class='ocrx_word' id='word_1_2' title='bbox 1274 559 1389 613; x_wconf 91' lang='grc' dir='ltr'><em>ΙΙΙ.</em></span> <span class='ocrx_word' id='word_1_3' title='bbox 1450 559 1588 613; x_wconf 76' lang='lat' dir='ltr'><strong>Arm.</strong></span> <span class='ocrx_word' id='word_1_4' title='bbox 1635 556 1815 613; x_wconf 78' lang='lat'><em>1429.</em></span> <span class='ocrx_word' id='word_1_5' title='bbox 2412 553 2531 617; x_wconf 82' lang='grc'><strong>175</strong></span> 
     </span>
    </p>
   </div>
   <div class='ocr_carea' id='block_1_2' title="bbox 244 737 2529 838">
    <p class='ocr_par' dir='ltr' id='par_1_2' title="bbox 244 737 2529 838">
     <span class='ocr_line' id='line_1_2' title="bbox 244 737 2529 838; baseline 0 -17"><span class='ocrx_word' id='word_1_6' title='bbox 244 737 252 746; x_wconf 51' lang='grc'><strong>’</strong></span> <span class='ocrx_word' id='word_1_7' title='bbox 311 759 549 821; x_wconf 88' lang='lat' dir='ltr'><strong>curiam</strong></span> <span class='ocrx_word' id='word_1_8' title='bbox 597 759 972 833; x_wconf 79' lang='lat' dir='ltr'><strong>Romanam3</strong></span> <span class='ocrx_word' id='word_1_9' title='bbox 1039 764 1101 820; x_wconf 88' lang='lat' dir='ltr'><strong>et</strong></span> <span class='ocrx_word' id='word_1_10' title='bbox 1169 757 1368 838; x_wconf 91' lang='lat' dir='ltr'><strong>primo</strong></span> <span class='ocrx_word' id='word_1_11' title='bbox 1424 758 1588 837; x_wconf 88' lang='lat' dir='ltr'><strong>ipsos</strong></span> <span class='ocrx_word' id='word_1_12' title='bbox 1643 759 1937 838; x_wconf 86' lang='lat' dir='ltr'><strong>spoliavit</strong></span> <span class='ocrx_word' id='word_1_13' title='bbox 1986 761 2166 821; x_wconf 91' lang='lat' dir='ltr'><strong>rebus</strong></span> <span class='ocrx_word' id='word_1_14' title='bbox 2224 765 2285 820; x_wconf 90' lang='lat' dir='ltr'><strong>et</strong></span> <span class='ocrx_word' id='word_1_15' title='bbox 2342 760 2529 821; x_wconf 82' lang='lat' dir='ltr'><strong>vesti-</strong></span> 
     </span>
    </p>
   </div>
   <div class='ocr_carea' id='block_1_3' title="bbox 204 1785 265 1828">
    <p class='ocr_par' dir='ltr' id='par_1_3' title="bbox 204 1785 265 1828">
     <span class='ocr_line' id='line_1_3' title="bbox 204 1785 265 1828; baseline 0 0"><span class='ocrx_word' id='word_1_16' title='bbox 204 1785 265 1828; x_wconf 79' lang='lat'><strong>10</strong></span> 
     </span>
    </p>
   </div>
   <div class='ocr_carea' id='block_1_4' title="bbox 202 2292 261 2336">
    <p class='ocr_par' dir='ltr' id='par_1_4' title="bbox 202 2292 261 2336">
     <span class='ocr_line' id='line_1_4' title="bbox 202 2292 261 2336; baseline 0 0"><span class='ocrx_word' id='word_1_17' title='bbox 202 2292 261 2336; x_wconf 85' lang='lat'><strong>15</strong></span> 
     </span>
    </p>
   </div>
   <div class='ocr_carea' id='block_1_5' title="bbox 198 3018 279 3061">
    <p class='ocr_par' dir='ltr' id='par_1_5' title="bbox 198 3018 279 3061">
     <span class='ocr_line' id='line_1_5' title="bbox 198 3018 279 3061; baseline -0.037 0"><span class='ocrx_word' id='word_1_18' title='bbox 198 3018 279 3061; x_wconf 76' lang='lat'><strong>20·</strong></span> 
     </span>
    </p>
   </div>
   <div class='ocr_carea' id='block_1_6' title="bbox 308 859 2530 1146">
    <p class='ocr_par' dir='ltr' id='par_1_6' title="bbox 308 859 2530 1146">
     <span class='ocr_line' id='line_1_6' title="bbox 311 859 2525 942; baseline 0.001 -21"><span class='ocrx_word' id='word_1_19' title='bbox 311 861 441 932; x_wconf 88' lang='lat' dir='ltr'><strong>bus,</strong></span> <span class='ocrx_word' id='word_1_20' title='bbox 488 867 548 920; x_wconf 90' lang='lat' dir='ltr'><strong>et</strong></span> <span class='ocrx_word' id='word_1_21' title='bbox 593 867 807 939; x_wconf 86' lang='lat' dir='ltr'><strong>postea</strong></span> <span class='ocrx_word' id='word_1_22' title='bbox 852 860 1280 921; x_wconf 82' lang='lat' dir='ltr'><strong>miserabiliter</strong></span> <span class='ocrx_word' id='word_1_23' title='bbox 1326 859 1674 932; x_wconf 80' lang='lat' dir='ltr'><strong>trucidavit,</strong></span> <span class='ocrx_word' id='word_1_24' title='bbox 1723 867 1783 921; x_wconf 88' lang='lat' dir='ltr'><strong>et</strong></span> <span class='ocrx_word' id='word_1_25' title='bbox 1826 862 2069 942; x_wconf 85' lang='lat' dir='ltr'><strong>aliquos</strong></span> <span class='ocrx_word' id='word_1_26' title='bbox 2105 862 2431 923; x_wconf 88' lang='lat' dir='ltr'><strong>submersit</strong></span> <span class='ocrx_word' id='word_1_27' title='bbox 2458 863 2525 938; x_wconf 73' lang='grc'><strong>1).</strong></span> 
     </span>
     <span class='ocr_line' id='line_1_7' title="bbox 474 961 2530 1045; baseline 0 -22"><span class='ocrx_word' id='word_1_28' title='bbox 474 962 504 1040; x_wconf 82' lang='lat'>§</span> <span class='ocrx_word' id='word_1_29' title='bbox 547 962 805 1045; x_wconf 81' lang='lat' dir='ltr'><strong>Anglici.</strong></span> <span class='ocrx_word' id='word_1_30' title='bbox 895 964 1071 1023; x_wconf 88' lang='lat' dir='ltr'><strong>Anno</strong></span> <span class='ocrx_word' id='word_1_31' title='bbox 1120 961 1366 1022; x_wconf 91' lang='lat' dir='ltr'><strong>Domini</strong></span> <span class='ocrx_word' id='word_1_32' title='bbox 1418 970 1578 1029; x_wconf 81' lang='lat'>1429</span> <span class='ocrx_word' id='word_1_33' title='bbox 1642 982 1850 1024; x_wconf 83' lang='lat' dir='ltr'><strong>coram</strong></span> <span class='ocrx_word' id='word_1_34' title='bbox 1912 965 2060 1025; x_wconf 92' lang='lat' dir='ltr'><strong>urbe</strong></span> <span class='ocrx_word' id='word_1_35' title='bbox 2102 963 2530 1024; x_wconf 88' lang='lat' dir='ltr'><strong>Aurelianensi</strong></span> 
     </span>
     <span class='ocr_line' id='line_1_8' title="bbox 308 1062 2529 1146; baseline 0.001 -22"><span class='ocrx_word' id='word_1_36' title='bbox 308 1064 369 1125; x_wconf 92' lang='lat' dir='ltr'><strong>in</strong></span> <span class='ocrx_word' id='word_1_37' title='bbox 419 1064 708 1134; x_wconf 81' lang='lat' dir='ltr'><strong>Francia,</strong></span> <span class='ocrx_word' id='word_1_38' title='bbox 776 1082 965 1144; x_wconf 84' lang='lat' dir='ltr'><strong>quam</strong></span> <span class='ocrx_word' id='word_1_39' title='bbox 1012 1063 1250 1146; x_wconf 87' lang='lat' dir='ltr'><strong>Anglici</strong></span> <span class='ocrx_word' id='word_1_40' title='bbox 1314 1062 1683 1124; x_wconf 88' lang='lat' dir='ltr'><strong>obsederunt</strong></span> <span class='ocrx_word' id='word_1_41' title='bbox 1742 1084 1850 1144; x_wconf 92' lang='lat' dir='ltr'><strong>per</strong></span> <span class='ocrx_word' id='word_1_42' title='bbox 1906 1064 2227 1125; x_wconf 89' lang='lat' dir='ltr'><strong>dominum</strong></span> <span class='ocrx_word' id='word_1_43' title='bbox 2284 1063 2360 1126; x_wconf 92' lang='lat' dir='ltr'><strong>de</strong></span> <span class='ocrx_word' id='word_1_44' title='bbox 2412 1065 2529 1126; x_wconf 88' lang='lat' dir='ltr'><strong>Ar-</strong></span> 
     </span>
    </p>
   </div>
   <div class='ocr_carea' id='block_1_7' title="bbox 308 1164 2829 1250">
    <p class='ocr_par' dir='ltr' id='par_1_7' title="bbox 308 1164 2829 1250">
     <span class='ocr_line' id='line_1_9' title="bbox 308 1164 2829 1250; baseline 0.004 -24"><span class='ocrx_word' id='word_1_45' title='bbox 308 1165 517 1246; x_wconf 76' lang='lat' dir='ltr'><strong>miagb</strong></span> <span class='ocrx_word' id='word_1_46' title='bbox 566 1182 691 1227; x_wconf 89' lang='lat' dir='ltr'><strong>una</strong></span> <span class='ocrx_word' id='word_1_47' title='bbox 725 1184 868 1226; x_wconf 88' lang='lat' dir='ltr'><strong>cum</strong></span> <span class='ocrx_word' id='word_1_48' title='bbox 908 1164 1144 1226; x_wconf 91' lang='lat' dir='ltr'><strong>civibus</strong></span> <span class='ocrx_word' id='word_1_49' title='bbox 1179 1164 1362 1230; x_wconf 75' lang='lat' dir='ltr'><strong>urbis,</strong></span> <span class='ocrx_word' id='word_1_50' title='bbox 1404 1165 1709 1226; x_wconf 82' lang='lat' dir='ltr'><strong>interfecti</strong></span> <span class='ocrx_word' id='word_1_51' title='bbox 1743 1171 1886 1227; x_wconf 89' lang='lat' dir='ltr'><strong>sunt</strong></span> <span class='ocrx_word' id='word_1_52' title='bbox 1926 1167 2087 1228; x_wconf 88' lang='lat' dir='ltr'><strong>ultra</strong></span> <span class='ocrx_word' id='word_1_53' title='bbox 2125 1166 2253 1227; x_wconf 87' lang='lat' dir='ltr'>v11.</span> <span class='ocrx_word' id='word_1_54' title='bbox 2296 1164 2523 1250; x_wconf 67' lang='lat' dir='ltr'><strong>milliass</strong></span> <span class='ocrx_word' id='word_1_55' title='bbox 2550 1169 2683 1233; x_wconf 84' lang='lat' dir='ltr'><strong>Fol.</strong></span> <span class='ocrx_word' id='word_1_56' title='bbox 2708 1168 2829 1236; x_wconf 74' lang='lat'>17¹³·</span> 
     </span>
    </p>
   </div>
   <div class='ocr_carea' id='block_1_8' title="bbox 306 1265 2283 1350">
    <p class='ocr_par' dir='ltr' id='par_1_8' title="bbox 306 1265 2283 1350">
     <span class='ocr_line' id='line_1_10' title="bbox 306 1265 2283 1350; baseline 0.001 -22"><span class='ocrx_word' id='word_1_57' title='bbox 306 1281 722 1342; x_wconf 78' lang='lat' dir='ltr'><strong>armatorum3</strong></span> <span class='ocrx_word' id='word_1_58' title='bbox 768 1267 873 1328; x_wconf 92' lang='lat' dir='ltr'><strong>ubi</strong></span> <span class='ocrx_word' id='word_1_59' title='bbox 919 1273 980 1327; x_wconf 89' lang='lat' dir='ltr'><strong>et</strong></span> <span class='ocrx_word' id='word_1_60' title='bbox 1022 1266 1146 1327; x_wconf 85' lang='lat' dir='ltr'><strong>dux</strong></span> <span class='ocrx_word' id='word_1_61' title='bbox 1191 1265 1660 1328; x_wconf 71' lang='lat' dir='ltr'><strong>Sariberiensis⁸</strong></span> <span class='ocrx_word' id='word_1_62' title='bbox 1704 1268 2056 1330; x_wconf 83' lang='lat' dir='ltr'><strong>interfectus</strong></span> <span class='ocrx_word' id='word_1_63' title='bbox 2102 1275 2193 1330; x_wconf 88' lang='lat' dir='ltr'><strong>est</strong></span> <span class='ocrx_word' id='word_1_64' title='bbox 2215 1266 2283 1350; x_wconf 82' lang='grc'><strong>2).</strong></span> 
     </span>
    </p>
   </div>
   <div class='ocr_carea' id='block_1_9' title="bbox 302 1467 2528 1758">
    <p class='ocr_par' dir='ltr' id='par_1_9' title="bbox 302 1467 2528 1758">
     <span class='ocr_line' id='line_1_11' title="bbox 470 1467 2528 1555; baseline 0 -23"><span class='ocrx_word' id='word_1_65' title='bbox 470 1471 647 1532; x_wconf 88' lang='lat' dir='ltr'><strong>Anno</strong></span> <span class='ocrx_word' id='word_1_66' title='bbox 713 1469 929 1530; x_wconf 87' lang='lat' dir='ltr'><strong>eodem</strong></span> <span class='ocrx_word' id='word_1_67' title='bbox 989 1467 1337 1531; x_wconf 90' lang='lat' dir='ltr'><strong>Sundenses</strong></span> <span class='ocrx_word' id='word_1_68' title='bbox 1395 1490 1535 1531; x_wconf 91' lang='lat' dir='ltr'><strong>cum</strong></span> <span class='ocrx_word' id='word_1_69' title='bbox 1584 1470 1713 1531; x_wconf 91' lang='lat' dir='ltr'><strong>VII.</strong></span> <span class='ocrx_word' id='word_1_70' title='bbox 1777 1472 2035 1532; x_wconf 89' lang='lat' dir='ltr'><strong>navibus</strong></span> <span class='ocrx_word' id='word_1_71' title='bbox 2094 1478 2528 1555; x_wconf 84' lang='lat' dir='ltr'><strong>expugnarunt</strong></span> 
     </span>
     <span class='ocr_line' id='line_1_12' title="bbox 303 1566 2524 1655; baseline 0.002 -24"><span class='ocrx_word' id='word_1_72' title='bbox 303 1570 540 1633; x_wconf 88' lang='lat' dir='ltr'>LXXV.</span> <span class='ocrx_word' id='word_1_73' title='bbox 590 1590 777 1633; x_wconf 87' lang='lat' dir='ltr'><strong>naves</strong></span> <span class='ocrx_word' id='word_1_74' title='bbox 821 1571 1168 1641; x_wconf 90' lang='lat' dir='ltr'><strong>Danorum,</strong></span> <span class='ocrx_word' id='word_1_75' title='bbox 1213 1566 1358 1655; x_wconf 78' lang='lat' dir='ltr'><strong>[qui</strong></span> <span class='ocrx_word' id='word_1_76' title='bbox 1403 1579 1547 1632; x_wconf 88' lang='lat' dir='ltr'><strong>ante</strong></span> <span class='ocrx_word' id='word_1_77' title='bbox 1592 1580 1836 1652; x_wconf 87' lang='lat' dir='ltr'><strong>portum</strong></span> <span class='ocrx_word' id='word_1_78' title='bbox 1883 1572 2262 1636; x_wconf 89' lang='lat' dir='ltr'><strong>Sundensem</strong></span> <span class='ocrx_word' id='word_1_79' title='bbox 2308 1593 2524 1635; x_wconf 88' lang='lat' dir='ltr'><strong>eorum</strong></span> 
     </span>
     <span class='ocr_line' id='line_1_13' title="bbox 302 1668 2526 1758; baseline 0.002 -24"><span class='ocrx_word' id='word_1_80' title='bbox 302 1691 491 1734; x_wconf 89' lang='lat' dir='ltr'><strong>naves</strong></span> <span class='ocrx_word' id='word_1_81' title='bbox 527 1668 988 1758; x_wconf 88' lang='lat' dir='ltr'><strong>spoliaverunt],</strong></span> <span class='ocrx_word' id='word_1_82' title='bbox 1033 1679 1095 1734; x_wconf 92' lang='lat' dir='ltr'><strong>et</strong></span> <span class='ocrx_word' id='word_1_83' title='bbox 1138 1673 1647 1753; x_wconf 80' lang='lat' dir='ltr'><strong>captivaveruntb</strong></span> <span class='ocrx_word' id='word_1_84' title='bbox 1692 1675 1768 1736; x_wconf 92' lang='lat' dir='ltr'><strong>de</strong></span> <span class='ocrx_word' id='word_1_85' title='bbox 1801 1676 1917 1737; x_wconf 89' lang='lat' dir='ltr'><strong>illis</strong></span> <span class='ocrx_word' id='word_1_86' title='bbox 1952 1676 2115 1738; x_wconf 87' lang='lat' dir='ltr'><strong>ultra</strong></span> <span class='ocrx_word' id='word_1_87' title='bbox 2149 1677 2337 1750; x_wconf 64' lang='lat' dir='ltr'>CCC„</span> <span class='ocrx_word' id='word_1_88' title='bbox 2385 1676 2526 1757; x_wconf 92' lang='lat' dir='ltr'><strong>plu-</strong></span> 
     </span>
    </p>
   </div>
   <div class='ocr_carea' id='block_1_10' title="bbox 296 1775 2613 2678">
    <p class='ocr_par' dir='ltr' id='par_1_10' title="bbox 308 1775 1026 1853">
     <span class='ocr_line' id='line_1_14' title="bbox 308 1775 1026 1853; baseline -0.001 -17"><span class='ocrx_word' id='word_1_89' title='bbox 308 1776 474 1837; x_wconf 88' lang='lat' dir='ltr'><strong>ribus</strong></span> <span class='ocrx_word' id='word_1_90' title='bbox 518 1775 849 1837; x_wconf 83' lang='lat' dir='ltr'><strong>interfectis</strong></span> <span class='ocrx_word' id='word_1_91' title='bbox 873 1777 939 1853; x_wconf 76' lang='lat'><strong>⁸).</strong></span> <span class='ocrx_word' id='word_1_92' title='bbox 1023 1832 1026 1835; x_wconf 77' lang='grc'><strong><em>,</em></strong></span> 
     </span>
    </p>

    <p class='ocr_par' dir='ltr' id='par_1_11' title="bbox 296 1876 2613 2678">
     <span class='ocr_line' id='line_1_15' title="bbox 467 1876 2518 1964; baseline 0.001 -26"><span class='ocrx_word' id='word_1_93' title='bbox 467 1877 497 1955; x_wconf 67' lang='grc' dir='ltr'><strong>ξ</strong></span> <span class='ocrx_word' id='word_1_94' title='bbox 541 1878 847 1940; x_wconf 87' lang='lat' dir='ltr'><strong>Johanna.</strong></span> <span class='ocrx_word' id='word_1_95' title='bbox 939 1878 1114 1939; x_wconf 87' lang='lat' dir='ltr'><strong>Anno</strong></span> <span class='ocrx_word' id='word_1_96' title='bbox 1161 1876 1379 1938; x_wconf 89' lang='lat' dir='ltr'><strong>eodem</strong></span> <span class='ocrx_word' id='word_1_97' title='bbox 1423 1877 1688 1938; x_wconf 86' lang='lat' dir='ltr'><strong>surrexit</strong></span> <span class='ocrx_word' id='word_1_98' title='bbox 1718 1878 1776 1938; x_wconf 90' lang='lat' dir='ltr'><strong>in</strong></span> <span class='ocrx_word' id='word_1_99' title='bbox 1810 1877 2040 1940; x_wconf 88' lang='lat' dir='ltr'><strong>ducatu</strong></span> <span class='ocrx_word' id='word_1_100' title='bbox 2078 1879 2518 1964; x_wconf 76' lang='lat' dir='ltr'><strong>Lotaringiae⁰</strong></span> 
     </span>
     <span class='ocr_line' id='line_1_16' title="bbox 302 1978 2613 2061; baseline 0.002 -22"><span class='ocrx_word' id='word_1_101' title='bbox 302 1979 611 2058; x_wconf 79' lang='lat' dir='ltr'><strong>quaedam</strong></span> <span class='ocrx_word' id='word_1_102' title='bbox 646 1980 855 2061; x_wconf 90' lang='lat' dir='ltr'><strong>puella</strong></span> <span class='ocrx_word' id='word_1_103' title='bbox 891 1978 1088 2041; x_wconf 87' lang='lat' dir='ltr'><strong>XIIII.</strong></span> <span class='ocrx_word' id='word_1_104' title='bbox 1129 1997 1452 2052; x_wconf 89' lang='lat' dir='ltr'><strong>annorum,</strong></span> <span class='ocrx_word' id='word_1_105' title='bbox 1488 1980 1778 2040; x_wconf 87' lang='lat' dir='ltr'><strong>Johanna</strong></span> <span class='ocrx_word' id='word_1_106' title='bbox 1813 1981 2078 2053; x_wconf 89' lang='lat' dir='ltr'><strong>nomine,</strong></span> <span class='ocrx_word' id='word_1_107' title='bbox 2124 1982 2300 2043; x_wconf 89' lang='lat' dir='ltr'><strong>cuius</strong></span> <span class='ocrx_word' id='word_1_108' title='bbox 2337 1982 2518 2042; x_wconf 83' lang='lat' dir='ltr'><strong>auxi·</strong></span> <span class='ocrx_word' id='word_1_109' title='bbox 2604 1998 2613 1999; x_wconf 62' lang='grc'><em>’</em></span> 
     </span>
     <span class='ocr_line' id='line_1_17' title="bbox 300 2079 2516 2168; baseline 0.002 -28"><span class='ocrx_word' id='word_1_110' title='bbox 300 2080 382 2141; x_wconf 92' lang='lat' dir='ltr'><strong>lio</strong></span> <span class='ocrx_word' id='word_1_111' title='bbox 439 2088 499 2142; x_wconf 89' lang='lat' dir='ltr'><strong>et</strong></span> <span class='ocrx_word' id='word_1_112' title='bbox 543 2082 795 2144; x_wconf 88' lang='lat' dir='ltr'><strong>consilio</strong></span> <span class='ocrx_word' id='word_1_113' title='bbox 841 2083 1033 2143; x_wconf 84' lang='lat' dir='ltr'><strong>fretus</strong></span> <span class='ocrx_word' id='word_1_114' title='bbox 1078 2079 1414 2153; x_wconf 71' lang='lat' dir='ltr'><strong>Karolusd,</strong></span> <span class='ocrx_word' id='word_1_115' title='bbox 1464 2081 1801 2160; x_wconf 88' lang='lat' dir='ltr'><strong>Delphinus</strong></span> <span class='ocrx_word' id='word_1_116' title='bbox 1845 2083 2174 2157; x_wconf 84' lang='lat' dir='ltr'><strong>Franciae,</strong></span> <span class='ocrx_word' id='word_1_117' title='bbox 2229 2084 2516 2168; x_wconf 87' lang='lat' dir='ltr'><strong>Anglicos</strong></span> 
     </span>
     <span class='ocr_line' id='line_1_18' title="bbox 302 2173 2518 2268; baseline 0.002 -26"><span class='ocrx_word' id='word_1_118' title='bbox 302 2182 460 2256; x_wconf 87' lang='lat' dir='ltr'><strong>vicit,</strong></span> <span class='ocrx_word' id='word_1_119' title='bbox 492 2203 751 2268; x_wconf 83' lang='lat' dir='ltr'><strong>regnum</strong></span> <span class='ocrx_word' id='word_1_120' title='bbox 785 2183 1191 2264; x_wconf 86' lang='lat' dir='ltr'><strong>recuperavit,</strong></span> <span class='ocrx_word' id='word_1_121' title='bbox 1225 2203 1291 2243; x_wconf 89' lang='lat' dir='ltr'><strong>se</strong></span> <span class='ocrx_word' id='word_1_122' title='bbox 1325 2184 1387 2245; x_wconf 90' lang='lat' dir='ltr'><strong>in</strong></span> <span class='ocrx_word' id='word_1_123' title='bbox 1426 2183 1554 2244; x_wconf 84' lang='lat' dir='ltr'><strong>vita</strong></span> <span class='ocrx_word' id='word_1_124' title='bbox 1594 2188 1654 2244; x_wconf 88' lang='lat' dir='ltr'><strong>et</strong></span> <span class='ocrx_word' id='word_1_125' title='bbox 1673 2181 2023 2246; x_wconf 73' lang='lat' dir='ltr'><strong>*moribus*</strong></span> <span class='ocrx_word' id='word_1_126' title='bbox 2045 2173 2419 2259; x_wconf 56' lang='lat' dir='ltr'><strong>reformavit,</strong></span> <span class='ocrx_word' id='word_1_127' title='bbox 2456 2192 2518 2247; x_wconf 93' lang='lat' dir='ltr'><strong>et</strong></span> 
     </span>
     <span class='ocr_line' id='line_1_19' title="bbox 298 2284 2514 2370; baseline 0.002 -26"><span class='ocrx_word' id='word_1_128' title='bbox 298 2284 359 2344; x_wconf 87' lang='lat' dir='ltr'><strong>in</strong></span> <span class='ocrx_word' id='word_1_129' title='bbox 407 2287 558 2347; x_wconf 88' lang='lat' dir='ltr'><strong>urbe</strong></span> <span class='ocrx_word' id='word_1_130' title='bbox 595 2287 879 2348; x_wconf 87' lang='lat' dir='ltr'><strong>Remensi</strong></span> <span class='ocrx_word' id='word_1_131' title='bbox 924 2288 985 2347; x_wconf 92' lang='lat' dir='ltr'><strong>in</strong></span> <span class='ocrx_word' id='word_1_132' title='bbox 1034 2305 1240 2370; x_wconf 87' lang='lat' dir='ltr'><strong>regem</strong></span> <span class='ocrx_word' id='word_1_133' title='bbox 1270 2285 1320 2345; x_wconf 92' lang='lat' dir='ltr'><strong>F</strong></span> <span class='ocrx_word' id='word_1_134' title='bbox 1326 2285 1573 2346; x_wconf 83' lang='lat' dir='ltr'><strong>ranciae</strong></span> <span class='ocrx_word' id='word_1_135' title='bbox 1619 2290 1839 2346; x_wconf 83' lang='lat' dir='ltr'><strong>unctus</strong></span> <span class='ocrx_word' id='word_1_136' title='bbox 1886 2287 2020 2349; x_wconf 85' lang='lat' dir='ltr'><strong>suit.</strong></span> <span class='ocrx_word' id='word_1_137' title='bbox 2096 2290 2174 2348; x_wconf 86' lang='lat' dir='ltr'><strong>At</strong></span> <span class='ocrx_word' id='word_1_138' title='bbox 2215 2287 2319 2349; x_wconf 94' lang='lat' dir='ltr'><strong>illo</strong></span> <span class='ocrx_word' id='word_1_139' title='bbox 2351 2306 2514 2349; x_wconf 88' lang='lat' dir='ltr'><strong>anno</strong></span> 
     </span>
     <span class='ocr_line' id='line_1_20' title="bbox 298 2387 2512 2471; baseline 0.001 -25"><span class='ocrx_word' id='word_1_140' title='bbox 298 2387 454 2447; x_wconf 74' lang='lat' dir='ltr'><strong>tria⁰</strong></span> <span class='ocrx_word' id='word_1_141' title='bbox 506 2388 783 2471; x_wconf 88' lang='lat' dir='ltr'><strong>ingentia</strong></span> <span class='ocrx_word' id='word_1_142' title='bbox 841 2389 998 2449; x_wconf 89' lang='lat' dir='ltr'><strong>bella</strong></span> <span class='ocrx_word' id='word_1_143' title='bbox 1056 2389 1303 2470; x_wconf 92' lang='lat' dir='ltr'><strong>(quibus</strong></span> <span class='ocrx_word' id='word_1_144' title='bbox 1358 2387 1533 2469; x_wconf 87' lang='lat' dir='ltr'><strong>virgo</strong></span> <span class='ocrx_word' id='word_1_145' title='bbox 1600 2387 1706 2448; x_wconf 92' lang='lat' dir='ltr'><strong>illa</strong></span> <span class='ocrx_word' id='word_1_146' title='bbox 1768 2388 2045 2451; x_wconf 83' lang='lat' dir='ltr'><strong>interfuit</strong></span> <span class='ocrx_word' id='word_1_147' title='bbox 2105 2396 2169 2450; x_wconf 89' lang='lat' dir='ltr'><strong>et</strong></span> <span class='ocrx_word' id='word_1_148' title='bbox 2222 2389 2512 2451; x_wconf 84' lang='lat' dir='ltr'><strong>vexillum</strong></span> 
     </span>
     <span class='ocr_line' id='line_1_21' title="bbox 299 2488 2515 2573; baseline 0.001 -24"><span class='ocrx_word' id='word_1_149' title='bbox 299 2507 485 2549; x_wconf 83' lang='lat' dir='ltr'><strong>manu</strong></span> <span class='ocrx_word' id='word_1_150' title='bbox 535 2488 820 2571; x_wconf 71' lang='lat' dir='ltr'><strong>proprias</strong></span> <span class='ocrx_word' id='word_1_151' title='bbox 859 2488 1150 2573; x_wconf 80' lang='lat' dir='ltr'><strong>portavit)</strong></span> <span class='ocrx_word' id='word_1_152' title='bbox 1198 2489 1407 2551; x_wconf 83' lang='lat' dir='ltr'><strong>habita</strong></span> <span class='ocrx_word' id='word_1_153' title='bbox 1448 2496 1618 2559; x_wconf 84' lang='lat' dir='ltr'><strong>sunt,</strong></span> <span class='ocrx_word' id='word_1_154' title='bbox 1664 2490 1723 2551; x_wconf 93' lang='lat' dir='ltr'><strong>in</strong></span> <span class='ocrx_word' id='word_1_155' title='bbox 1772 2491 1995 2570; x_wconf 88' lang='lat' dir='ltr'><strong>quibus</strong></span> <span class='ocrx_word' id='word_1_156' title='bbox 2035 2510 2275 2571; x_wconf 88' lang='lat' dir='ltr'><strong>semper</strong></span> <span class='ocrx_word' id='word_1_157' title='bbox 2318 2492 2515 2553; x_wconf 84' lang='lat' dir='ltr'><strong>victo-</strong></span> 
     </span>
     <span class='ocr_line' id='line_1_22' title="bbox 296 2589 1685 2678; baseline 0.001 -27"><span class='ocrx_word' id='word_1_158' title='bbox 296 2590 389 2652; x_wconf 84' lang='lat' dir='ltr'><strong>ria</strong></span> <span class='ocrx_word' id='word_1_159' title='bbox 431 2591 481 2652; x_wconf 90' lang='lat' dir='ltr'><strong>F</strong></span> <span class='ocrx_word' id='word_1_160' title='bbox 484 2593 827 2678; x_wconf 82' lang='lat' dir='ltr'><strong>rancigenis</strong></span> <span class='ocrx_word' id='word_1_161' title='bbox 873 2613 911 2657; x_wconf 88' lang='lat' dir='ltr'><strong>a</strong></span> <span class='ocrx_word' id='word_1_162' title='bbox 955 2593 1125 2656; x_wconf 86' lang='lat' dir='ltr'><strong>coelo</strong></span> <span class='ocrx_word' id='word_1_163' title='bbox 1173 2610 1460 2655; x_wconf 84' lang='lat' dir='ltr'><strong>concessa</strong></span> <span class='ocrx_word' id='word_1_164' title='bbox 1505 2597 1597 2653; x_wconf 89' lang='lat' dir='ltr'><strong>est</strong></span> <span class='ocrx_word' id='word_1_165' title='bbox 1616 2589 1685 2674; x_wconf 79' lang='lat'><strong>4).</strong></span> 
     </span>
    </p>
   </div>
   <div class='ocr_carea' id='block_1_11' title="bbox 294 2899 2563 3287">
    <p class='ocr_par' dir='ltr' id='par_1_12' title="bbox 294 2899 2563 3287">
     <span class='ocr_line' id='line_1_23' title="bbox 462 2899 2510 2979; baseline 0 -19"><span class='ocrx_word' id='word_1_166' title='bbox 462 2899 492 2976; x_wconf 57' lang='grc' dir='ltr'><em>ᾗ</em></span> <span class='ocrx_word' id='word_1_167' title='bbox 537 2899 854 2962; x_wconf 76' lang='lat' dir='ltr'><strong>Stettinefi.</strong></span> <span class='ocrx_word' id='word_1_168' title='bbox 945 2902 1121 2963; x_wconf 91' lang='lat' dir='ltr'><strong>Anno</strong></span> <span class='ocrx_word' id='word_1_169' title='bbox 1176 2901 1393 2962; x_wconf 88' lang='lat' dir='ltr'><strong>eodem</strong></span> <span class='ocrx_word' id='word_1_170' title='bbox 1449 2900 1574 2961; x_wconf 89' lang='lat' dir='ltr'><strong>duo</strong></span> <span class='ocrx_word' id='word_1_171' title='bbox 1636 2902 2030 2979; x_wconf 88' lang='lat' dir='ltr'><strong>proconsules</strong></span> <span class='ocrx_word' id='word_1_172' title='bbox 2089 2900 2252 2960; x_wconf 86' lang='lat' dir='ltr'><strong>urbis</strong></span> <span class='ocrx_word' id='word_1_173' title='bbox 2298 2899 2510 2969; x_wconf 86' lang='lat' dir='ltr'><strong>Stetti-</strong></span> 
     </span>
     <span class='ocr_line' id='line_1_24' title="bbox 298 3000 2510 3082; baseline 0.002 -23"><span class='ocrx_word' id='word_1_174' title='bbox 298 3000 553 3071; x_wconf 68' lang='lat' dir='ltr'><strong>nensisss,</strong></span> <span class='ocrx_word' id='word_1_175' title='bbox 609 3000 894 3064; x_wconf 85' lang='lat' dir='ltr'><strong>dominus</strong></span> <span class='ocrx_word' id='word_1_176' title='bbox 938 3004 1253 3066; x_wconf 75' lang='lat' dir='ltr'><strong>,lohannes</strong></span> <span class='ocrx_word' id='word_1_177' title='bbox 1311 3003 1582 3065; x_wconf 85' lang='lat' dir='ltr'><strong>Grabow</strong></span> <span class='ocrx_word' id='word_1_178' title='bbox 1629 3008 1690 3062; x_wconf 89' lang='lat' dir='ltr'><strong>et</strong></span> <span class='ocrx_word' id='word_1_179' title='bbox 1742 3001 2099 3063; x_wconf 87' lang='lat' dir='ltr'><strong>Gerhardus</strong></span> <span class='ocrx_word' id='word_1_180' title='bbox 2144 3001 2347 3075; x_wconf 84' lang='lat' dir='ltr'><strong>Rode,</strong></span> <span class='ocrx_word' id='word_1_181' title='bbox 2402 3021 2510 3082; x_wconf 89' lang='lat' dir='ltr'><strong>per</strong></span> 
     </span>
     <span class='ocr_line' id='line_1_25' title="bbox 296 3095 2563 3187; baseline 0.001 -26"><span class='ocrx_word' id='word_1_182' title='bbox 296 3104 801 3167; x_wconf 84' lang='lat' dir='ltr'><strong>communitatem</strong></span> <span class='ocrx_word' id='word_1_183' title='bbox 843 3107 1095 3186; x_wconf 85' lang='lat' dir='ltr'><strong>expulsi,</strong></span> <span class='ocrx_word' id='word_1_184' title='bbox 1141 3126 1248 3187; x_wconf 85' lang='lat' dir='ltr'><strong>per</strong></span> <span class='ocrx_word' id='word_1_185' title='bbox 1291 3105 1477 3166; x_wconf 81' lang='lat' dir='ltr'><strong>duces</strong></span> <span class='ocrx_word' id='word_1_186' title='bbox 1511 3123 1726 3166; x_wconf 89' lang='lat' dir='ltr'><strong>eorum</strong></span> <span class='ocrx_word' id='word_1_187' title='bbox 1765 3102 2202 3166; x_wconf 77' lang='lat' dir='ltr'><strong>reintroduct.i¹¹</strong></span> <span class='ocrx_word' id='word_1_188' title='bbox 2245 3110 2404 3176; x_wconf 90' lang='lat' dir='ltr'><strong>sunt,</strong></span> <span class='ocrx_word' id='word_1_189' title='bbox 2449 3109 2512 3164; x_wconf 85' lang='lat' dir='ltr'><strong>et</strong></span> <span class='ocrx_word' id='word_1_190' title='bbox 2550 3095 2563 3111; x_wconf 86' lang='lat'><em>&#39;</em></span> 
     </span>
     <span class='ocr_line' id='line_1_26' title="bbox 294 3201 2512 3287; baseline 0.002 -24"><span class='ocrx_word' id='word_1_191' title='bbox 294 3201 419 3264; x_wconf 92' lang='lat' dir='ltr'><strong>duo</strong></span> <span class='ocrx_word' id='word_1_192' title='bbox 486 3207 794 3287; x_wconf 86' lang='lat' dir='ltr'><strong>capitanei</strong></span> <span class='ocrx_word' id='word_1_193' title='bbox 853 3208 1339 3279; x_wconf 80' lang='lat' dir='ltr'><strong>communitatiS,</strong></span> <span class='ocrx_word' id='word_1_194' title='bbox 1393 3205 1519 3269; x_wconf 86' lang='lat' dir='ltr'><strong>scil.</strong></span> <span class='ocrx_word' id='word_1_195' title='bbox 1570 3207 1929 3269; x_wconf 85' lang='lat' dir='ltr'><strong>Gerhardus</strong></span> <span class='ocrx_word' id='word_1_196' title='bbox 1995 3207 2142 3268; x_wconf 77' lang='lat' dir='ltr'><strong>van¹</strong></span> <span class='ocrx_word' id='word_1_197' title='bbox 2204 3207 2379 3267; x_wconf 82' lang='lat' dir='ltr'><strong>Affen</strong></span> <span class='ocrx_word' id='word_1_198' title='bbox 2448 3212 2512 3267; x_wconf 87' lang='lat' dir='ltr'><strong>et</strong></span> 
     </span>
    </p>
   </div>
   <div class='ocr_carea' id='block_1_12' title="bbox 293 3305 1613 3393">
    <p class='ocr_par' dir='ltr' id='par_1_13' title="bbox 293 3305 1613 3393">
     <span class='ocr_line' id='line_1_27' title="bbox 293 3305 1613 3393; baseline 0.004 -27"><span class='ocrx_word' id='word_1_199' title='bbox 293 3305 545 3386; x_wconf 87' lang='lat' dir='ltr'><strong>quidam</strong></span> <span class='ocrx_word' id='word_1_200' title='bbox 594 3310 817 3390; x_wconf 90' lang='lat' dir='ltr'><strong>pistor,</strong></span> <span class='ocrx_word' id='word_1_201' title='bbox 864 3311 1106 3391; x_wconf 90' lang='lat' dir='ltr'><strong>publice</strong></span> <span class='ocrx_word' id='word_1_202' title='bbox 1150 3311 1336 3373; x_wconf 85' lang='lat' dir='ltr'><strong>rotati</strong></span> <span class='ocrx_word' id='word_1_203' title='bbox 1381 3315 1524 3371; x_wconf 85' lang='lat' dir='ltr'><strong>sunt</strong></span> <span class='ocrx_word' id='word_1_204' title='bbox 1545 3308 1613 3393; x_wconf 84' lang='lat'><strong>5).</strong></span> 
     </span>
    </p>
   </div>
   <div class='ocr_carea' id='block_1_13' title="bbox 290 3477 694 3490">
    <p class='ocr_par' dir='ltr' id='par_1_14' title="bbox 290 3477 694 3490">
     <span class='ocr_line' id='line_1_28' title="bbox 290 3477 694 3490; baseline 0 1770"><span class='ocrx_word' id='word_1_205' title='bbox 290 3477 694 3490; x_wconf 95' lang='lat' dir='ltr'><strong> </strong></span> 
     </span>
    </p>
   </div>
   <div class='ocr_carea' id='block_1_14' title="bbox 490 3546 2508 3697">
    <p class='ocr_par' dir='ltr' id='par_1_15' title="bbox 490 3546 2508 3697">
     <span class='ocr_line' id='line_1_29' title="bbox 491 3546 2508 3631; baseline -0 -18"><span class='ocrx_word' id='word_1_206' title='bbox 491 3563 548 3626; x_wconf 85' lang='lat' dir='ltr'><strong>e)</strong></span> <span class='ocrx_word' id='word_1_207' title='bbox 586 3565 680 3617; x_wconf 84' lang='lat' dir='ltr'><strong>Ed.</strong></span> <span class='ocrx_word' id='word_1_208' title='bbox 699 3582 800 3629; x_wconf 65' lang='lat' dir='ltr'><strong>pn:</strong></span> <span class='ocrx_word' id='word_1_209' title='bbox 838 3546 915 3624; x_wconf 55' lang='lat' dir='ltr'><strong>fa,-</strong></span> <span class='ocrx_word' id='word_1_210' title='bbox 951 3566 1045 3617; x_wconf 91' lang='lat' dir='ltr'><strong>Ed.</strong></span> <span class='ocrx_word' id='word_1_211' title='bbox 1069 3567 1146 3616; x_wconf 88' lang='lat' dir='ltr'><strong>Li.</strong></span> <span class='ocrx_word' id='word_1_212' title='bbox 1178 3583 1212 3616; x_wconf 92' lang='lat' dir='ltr'><strong>u</strong></span> <span class='ocrx_word' id='word_1_213' title='bbox 1237 3567 1368 3617; x_wconf 79' lang='lat' dir='ltr'><strong>‚Fa.:</strong></span> <span class='ocrx_word' id='word_1_214' title='bbox 1408 3575 1561 3617; x_wconf 76' lang='lat' dir='ltr'><strong>terra.</strong></span> <span class='ocrx_word' id='word_1_215' title='bbox 1744 3565 1794 3626; x_wconf 86' lang='lat' dir='ltr'><strong>f)</strong></span> <span class='ocrx_word' id='word_1_216' title='bbox 1832 3565 2062 3615; x_wconf 79' lang='lat' dir='ltr'><strong>Ed.Fa.:</strong></span> <span class='ocrx_word' id='word_1_217' title='bbox 2090 3566 2308 3631; x_wconf 77' lang='lat' dir='ltr'><strong>propria</strong></span> <span class='ocrx_word' id='word_1_218' title='bbox 2343 3580 2508 3613; x_wconf 82' lang='lat' dir='ltr'><strong>manu.</strong></span> 
     </span>
     <span class='ocr_line' id='line_1_30' title="bbox 490 3631 2508 3697; baseline -0.002 -14"><span class='ocrx_word' id='word_1_219' title='bbox 490 3649 524 3696; x_wconf 83' lang='lat' dir='ltr'><strong>g</strong></span> <span class='ocrx_word' id='word_1_220' title='bbox 536 3640 553 3690; x_wconf 81' lang='grc'><strong><em>)</em></strong></span> <span class='ocrx_word' id='word_1_221' title='bbox 591 3634 684 3685; x_wconf 82' lang='lat' dir='ltr'><strong>Ed.</strong></span> <span class='ocrx_word' id='word_1_222' title='bbox 722 3634 828 3682; x_wconf 61' lang='lat' dir='ltr'><strong>lai-2</strong></span> <span class='ocrx_word' id='word_1_223' title='bbox 862 3632 1042 3684; x_wconf 79' lang='lat' dir='ltr'><strong>Steein.</strong></span> <span class='ocrx_word' id='word_1_224' title='bbox 1247 3635 1305 3697; x_wconf 82' lang='lat' dir='ltr'><strong>h)</strong></span> <span class='ocrx_word' id='word_1_225' title='bbox 1344 3634 1434 3684; x_wconf 89' lang='lat' dir='ltr'><strong>Ed.</strong></span> <span class='ocrx_word' id='word_1_226' title='bbox 1477 3636 1590 3683; x_wconf 80' lang='lat' dir='ltr'><strong>Fa.:</strong></span> <span class='ocrx_word' id='word_1_227' title='bbox 1628 3633 1919 3683; x_wconf 55' lang='lat' dir='ltr'><strong>ren-oduariz</strong></span> <span class='ocrx_word' id='word_1_228' title='bbox 2127 3633 2172 3692; x_wconf 83' lang='lat' dir='ltr'><strong>i)</strong></span> <span class='ocrx_word' id='word_1_229' title='bbox 2212 3632 2302 3680; x_wconf 81' lang='lat' dir='ltr'><strong>Ed.</strong></span> <span class='ocrx_word' id='word_1_230' title='bbox 2340 3631 2418 3680; x_wconf 85' lang='lat' dir='ltr'><strong>Li.</strong></span> <span class='ocrx_word' id='word_1_231' title='bbox 2458 3647 2508 3680; x_wconf 85' lang='lat' dir='ltr'><strong>u.</strong></span> 
     </span>
    </p>
   </div>
   <div class='ocr_carea' id='block_1_15' title="bbox 490 3701 1073 3752">
    <p class='ocr_par' dir='ltr' id='par_1_16' title="bbox 490 3701 1073 3752">
     <span class='ocr_line' id='line_1_31' title="bbox 490 3701 1073 3752; baseline 0.002 -2"><span class='ocrx_word' id='word_1_232' title='bbox 490 3701 608 3752; x_wconf 80' lang='lat' dir='ltr'><strong>Fa.:</strong></span> <span class='ocrx_word' id='word_1_233' title='bbox 662 3718 757 3751; x_wconf 71' lang='lat' dir='ltr'><strong>von</strong></span> <span class='ocrx_word' id='word_1_234' title='bbox 801 3707 926 3751; x_wconf 79' lang='lat' dir='ltr'><strong>statt</strong></span> <span class='ocrx_word' id='word_1_235' title='bbox 959 3718 1073 3752; x_wconf 79' lang='lat' dir='ltr'><strong>van.</strong></span> 
     </span>
    </p>
   </div>
   <div class='ocr_carea' id='block_1_16' title="bbox 285 3936 2506 4298">
    <p class='ocr_par' dir='ltr' id='par_1_17' title="bbox 285 3936 2506 4273">
     <span class='ocr_line' id='line_1_32' title="bbox 287 3936 2506 4004; baseline 0 -19"><span class='ocrx_word' id='word_1_236' title='bbox 287 3937 452 3986; x_wconf 83' lang='lat' dir='ltr'><strong>Forts</strong></span> <span class='ocrx_word' id='word_1_237' title='bbox 490 3954 533 3987; x_wconf 82' lang='lat' dir='ltr'><strong>z.</strong></span> <span class='ocrx_word' id='word_1_238' title='bbox 565 3938 616 3988; x_wconf 77' lang='lat' dir='ltr'><strong>J.</strong></span> <span class='ocrx_word' id='word_1_239' title='bbox 652 3942 778 3987; x_wconf 76' lang='grc'><strong>1429</strong></span> <span class='ocrx_word' id='word_1_240' title='bbox 817 3937 878 3998; x_wconf 90' lang='grc'><strong>(1.</strong></span> <span class='ocrx_word' id='word_1_241' title='bbox 918 3953 963 3988; x_wconf 82' lang='grc' dir='ltr'><strong>ο.</strong></span> <span class='ocrx_word' id='word_1_242' title='bbox 1000 3954 1116 4004; x_wconf 78' lang='lat' dir='ltr'><strong>pag</strong></span> <span class='ocrx_word' id='word_1_243' title='bbox 1146 3943 1403 3988; x_wconf 77' lang='lat'>1290-92</span> <span class='ocrx_word' id='word_1_244' title='bbox 1437 3955 1472 3989; x_wconf 91' lang='lat' dir='ltr'><strong>u</strong></span> <span class='ocrx_word' id='word_1_245' title='bbox 1527 3954 1559 3987; x_wconf 84' lang='lat' dir='ltr'><strong>a</strong></span> <span class='ocrx_word' id='word_1_246' title='bbox 1610 3955 1653 3988; x_wconf 87' lang='lat' dir='ltr'><strong>a.</strong></span> <span class='ocrx_word' id='word_1_247' title='bbox 1686 3938 1747 3989; x_wconf 89' lang='lat'><strong>0.</strong></span> <span class='ocrx_word' id='word_1_248' title='bbox 1786 3940 1835 3989; x_wconf 89' lang='lat' dir='ltr'><strong>S.</strong></span> <span class='ocrx_word' id='word_1_249' title='bbox 1860 3944 1921 3988; x_wconf 90' lang='grc'><strong>52</strong></span> <span class='ocrx_word' id='word_1_250' title='bbox 1951 3936 2068 4003; x_wconf 86' lang='lat' dir='ltr'>flg.)</span> <span class='ocrx_word' id='word_1_251' title='bbox 2275 3936 2334 3998; x_wconf 81' lang='lat'><strong>4)</strong></span> <span class='ocrx_word' id='word_1_252' title='bbox 2371 3936 2506 3987; x_wconf 78' lang='lat' dir='ltr'><strong>Aus-</strong></span> 
     </span>
     <span class='ocr_line' id='line_1_33' title="bbox 286 4002 2504 4071; baseline 0 -19"><span class='ocrx_word' id='word_1_253' title='bbox 286 4002 516 4054; x_wconf 75' lang='lat' dir='ltr'><strong>fuhrlich</strong></span> <span class='ocrx_word' id='word_1_254' title='bbox 564 4004 781 4055; x_wconf 81' lang='lat' dir='ltr'><strong>handelt</strong></span> <span class='ocrx_word' id='word_1_255' title='bbox 826 4005 955 4055; x_wconf 84' lang='lat' dir='ltr'><strong>iiber</strong></span> <span class='ocrx_word' id='word_1_256' title='bbox 1000 4006 1084 4056; x_wconf 87' lang='lat' dir='ltr'><strong>die</strong></span> <span class='ocrx_word' id='word_1_257' title='bbox 1133 4007 1398 4071; x_wconf 70' lang='lat' dir='ltr'><strong>Jungfrau</strong></span> <span class='ocrx_word' id='word_1_258' title='bbox 1446 4022 1552 4056; x_wconf 83' lang='lat' dir='ltr'><strong>von</strong></span> <span class='ocrx_word' id='word_1_259' title='bbox 1604 4007 1822 4057; x_wconf 82' lang='lat' dir='ltr'><strong>Orleaus</strong></span> <span class='ocrx_word' id='word_1_260' title='bbox 1872 4007 2118 4057; x_wconf 72' lang='lat' dir='ltr'><strong>Coi-ner</strong></span> <span class='ocrx_word' id='word_1_261' title='bbox 2171 4006 2236 4056; x_wconf 82' lang='lat' dir='ltr'><strong>ad</strong></span> <span class='ocrx_word' id='word_1_262' title='bbox 2274 4007 2504 4055; x_wconf 76' lang='lat' dir='ltr'><strong>A.1420</strong></span> 
     </span>
     <span class='ocr_line' id='line_1_34' title="bbox 289 4071 2502 4137; baseline 0 -17"><span class='ocrx_word' id='word_1_263' title='bbox 289 4071 349 4132; x_wconf 91' lang='lat' dir='ltr'><strong>(l</strong></span> <span class='ocrx_word' id='word_1_264' title='bbox 382 4086 427 4120; x_wconf 90' lang='lat' dir='ltr'><strong>c.</strong></span> <span class='ocrx_word' id='word_1_265' title='bbox 458 4087 575 4137; x_wconf 83' lang='lat' dir='ltr'><strong>pag.</strong></span> <span class='ocrx_word' id='word_1_266' title='bbox 616 4077 754 4121; x_wconf 83' lang='grc'><strong>1292.</strong></span> <span class='ocrx_word' id='word_1_267' title='bbox 789 4075 903 4130; x_wconf 77' lang='grc'><strong>93),</strong></span> <span class='ocrx_word' id='word_1_268' title='bbox 949 4073 1137 4123; x_wconf 77' lang='lat' dir='ltr'><strong>kiirzer</strong></span> <span class='ocrx_word' id='word_1_269' title='bbox 1184 4074 1290 4124; x_wconf 88' lang='lat' dir='ltr'><strong>und</strong></span> <span class='ocrx_word' id='word_1_270' title='bbox 1339 4074 1523 4124; x_wconf 75' lang='lat' dir='ltr'><strong>andere</strong></span> <span class='ocrx_word' id='word_1_271' title='bbox 1569 4075 1779 4125; x_wconf 82' lang='lat' dir='ltr'><strong>Rufus</strong></span> <span class='ocrx_word' id='word_1_272' title='bbox 1829 4091 1891 4124; x_wconf 88' lang='lat' dir='ltr'><strong>zu</strong></span> <span class='ocrx_word' id='word_1_273' title='bbox 1940 4074 2096 4124; x_wconf 82' lang='lat' dir='ltr'><strong>dems.</strong></span> <span class='ocrx_word' id='word_1_274' title='bbox 2134 4075 2184 4123; x_wconf 82' lang='lat' dir='ltr'>J</span> <span class='ocrx_word' id='word_1_275' title='bbox 2231 4072 2305 4134; x_wconf 84' lang='lat' dir='ltr'><strong>(a.</strong></span> <span class='ocrx_word' id='word_1_276' title='bbox 2352 4088 2398 4121; x_wconf 78' lang='lat' dir='ltr'><strong>a.</strong></span> <span class='ocrx_word' id='word_1_277' title='bbox 2439 4072 2502 4121; x_wconf 88' lang='lat'><strong>0.</strong></span> 
     </span>
     <span class='ocr_line' id='line_1_35' title="bbox 288 4137 2500 4205; baseline -0 -17"><span class='ocrx_word' id='word_1_278' title='bbox 288 4141 335 4188; x_wconf 87' lang='lat' dir='ltr'>S</span> <span class='ocrx_word' id='word_1_279' title='bbox 377 4137 516 4200; x_wconf 78' lang='lat'>568)</span> <span class='ocrx_word' id='word_1_280' title='bbox 734 4145 784 4192; x_wconf 82' lang='grc'><strong>5)</strong></span> <span class='ocrx_word' id='word_1_281' title='bbox 831 4140 947 4203; x_wconf 79' lang='lat' dir='ltr'><strong>vgl.</strong></span> <span class='ocrx_word' id='word_1_282' title='bbox 997 4141 1245 4191; x_wconf 74' lang='lat' dir='ltr'><strong>Coi-ner</strong></span> <span class='ocrx_word' id='word_1_283' title='bbox 1281 4157 1328 4189; x_wconf 91' lang='grc' dir='ltr'><strong>ιι.</strong></span> <span class='ocrx_word' id='word_1_284' title='bbox 1365 4142 1574 4190; x_wconf 81' lang='lat' dir='ltr'><strong>Rufus</strong></span> <span class='ocrx_word' id='word_1_285' title='bbox 1621 4158 1663 4190; x_wconf 84' lang='lat' dir='ltr'><strong>z.</strong></span> <span class='ocrx_word' id='word_1_286' title='bbox 1700 4144 1749 4190; x_wconf 66' lang='grc' dir='ltr'><em>Δ</em></span> <span class='ocrx_word' id='word_1_287' title='bbox 1791 4147 1918 4191; x_wconf 76' lang='grc'><strong>1429</strong></span> <span class='ocrx_word' id='word_1_288' title='bbox 1970 4142 2011 4204; x_wconf 93' lang='lat' dir='ltr'><strong>(l</strong></span> <span class='ocrx_word' id='word_1_289' title='bbox 2066 4158 2110 4191; x_wconf 91' lang='lat' dir='ltr'><strong>c.</strong></span> <span class='ocrx_word' id='word_1_290' title='bbox 2164 4157 2279 4205; x_wconf 83' lang='lat' dir='ltr'><strong>pag.</strong></span> <span class='ocrx_word' id='word_1_291' title='bbox 2326 4137 2500 4199; x_wconf 79' lang='grc'><strong>129415</strong></span> 
     </span>
     <span class='ocr_line' id='line_1_36' title="bbox 285 4206 2502 4298; baseline 0.001 -44"><span class='ocrx_word' id='word_1_292' title='bbox 285 4222 318 4255; x_wconf 87' lang='grc' dir='ltr'><strong>ιι</strong></span> <span class='ocrx_word' id='word_1_293' title='bbox 372 4223 416 4254; x_wconf 82' lang='lat' dir='ltr'><strong>a.</strong></span> <span class='ocrx_word' id='word_1_294' title='bbox 455 4222 498 4255; x_wconf 79' lang='lat' dir='ltr'><strong>a.</strong></span> <span class='ocrx_word' id='word_1_295' title='bbox 539 4208 598 4256; x_wconf 89' lang='grc' dir='ltr'><strong>Ο.</strong></span> <span class='ocrx_word' id='word_1_296' title='bbox 639 4209 685 4255; x_wconf 85' lang='lat' dir='ltr'>S</span> <span class='ocrx_word' id='word_1_297' title='bbox 729 4213 787 4255; x_wconf 81' lang='grc'><strong>57</strong></span> <span class='ocrx_word' id='word_1_298' title='bbox 793 4218 838 4255; x_wconf 80' lang='lat' dir='ltr'><strong>o</strong></span> <span class='ocrx_word' id='word_1_299' title='bbox 880 4209 992 4268; x_wconf 77' lang='lat'><strong>71),</strong></span> <span class='ocrx_word' id='word_1_300' title='bbox 1035 4210 1115 4259; x_wconf 87' lang='lat' dir='ltr'><strong>die</strong></span> <span class='ocrx_word' id='word_1_301' title='bbox 1153 4209 1250 4258; x_wconf 85' lang='lat' dir='ltr'><strong>den</strong></span> <span class='ocrx_word' id='word_1_302' title='bbox 1288 4209 1516 4259; x_wconf 57' lang='lat' dir='ltr'><strong>naheren</strong></span> <span class='ocrx_word' id='word_1_303' title='bbox 1555 4210 2010 4273; x_wconf 77' lang='lat' dir='ltr'><strong>Zusaminenliang</strong></span> <span class='ocrx_word' id='word_1_304' title='bbox 2059 4209 2334 4298; x_wconf 46' lang='lat' dir='ltr'><strong>dai-legen,</strong></span> <span class='ocrx_word' id='word_1_305' title='bbox 2376 4206 2502 4257; x_wconf 82' lang='lat' dir='ltr'><strong>aber</strong></span> 
     </span>
    </p>
   </div>
   <div class='ocr_carea' id='block_1_17' title="bbox 206 4273 2110 4342">
    <p class='ocr_par' dir='ltr' id='par_1_18' title="bbox 206 4273 2110 4342">
     <span class='ocr_line' id='line_1_37' title="bbox 206 4273 2110 4342; baseline 0.001 -18"><span class='ocrx_word' id='word_1_306' title='bbox 206 4324 215 4333; x_wconf 73' lang='grc'><strong>,</strong></span> <span class='ocrx_word' id='word_1_307' title='bbox 284 4273 412 4324; x_wconf 77' lang='lat' dir='ltr'><strong>iiber</strong></span> <span class='ocrx_word' id='word_1_308' title='bbox 449 4274 645 4324; x_wconf 80' lang='lat' dir='ltr'><strong>Namen</strong></span> <span class='ocrx_word' id='word_1_309' title='bbox 685 4276 787 4324; x_wconf 86' lang='lat' dir='ltr'><strong>und</strong></span> <span class='ocrx_word' id='word_1_310' title='bbox 835 4292 962 4341; x_wconf 78' lang='lat' dir='ltr'><strong>resp.</strong></span> <span class='ocrx_word' id='word_1_311' title='bbox 1007 4276 1164 4326; x_wconf 83' lang='lat' dir='ltr'><strong>Stand</strong></span> <span class='ocrx_word' id='word_1_312' title='bbox 1203 4277 1292 4326; x_wconf 85' lang='lat' dir='ltr'><strong>der</strong></span> <span class='ocrx_word' id='word_1_313' title='bbox 1329 4277 1614 4327; x_wconf 83' lang='lat' dir='ltr'><strong>Bestraften</strong></span> <span class='ocrx_word' id='word_1_314' title='bbox 1653 4278 1826 4328; x_wconf 86' lang='lat' dir='ltr'><strong>nichts</strong></span> <span class='ocrx_word' id='word_1_315' title='bbox 1862 4278 2110 4342; x_wconf 78' lang='lat' dir='ltr'><strong>angeben</strong></span> 
     </span>
    </p>
   </div>
  </div>
 </body>
</html>
