3158 5260
885 548 1089 602 PARS
1131 550 1246 603 III.
1312 549 1450 603 Ann.
1492 549 1649 605 1424
1677 551 1916 608 -1425.
2406 545 2524 609 169

298 748 539 805 tantum
586 747 801 819 effecit,
849 749 1013 828 quod
1062 770 1166 812 rex
1207 750 1442 812 Daciae
1486 749 1706 812 ducem
1740 752 2104 814 Hinricuma
2147 754 2209 814 in
2252 724 2521 838 gratiam

297 865 474 908 suam
517 849 763 928 recepit,
802 855 865 911 et
894 850 971 911 ad
1012 850 1387 935 singularem
1422 853 1760 915 amicitiam
1795 855 2066 917 retraxit.
2137 855 2215 916 Et
2244 856 2522 923 similiter

299 949 667 1039 familiarem
705 953 1306 1016 confoederationem
1348 952 1527 1016 *cum
1570 955 1921 1017 civitatibus
1956 957 2279 1019 maritimis
2322 957 2522 1034 iniit&

300 1056 362 1110 et
405 1070 508 1112 rex
553 1051 741 1114 filiam
787 1052 959 1115 ducis
1004 1055 1414 1142 pomeraniae
1458 1056 1623 1118 dicto
1678 1057 1821 1120 duci
1867 1059 2215 1139 Rumpoldo
2261 1058 2527 1141 despon-

230 1170 258 1212 5
298 1153 483 1225 savit,
544 1156 679 1236 qui,
740 1175 883 1218 curn
930 1159 1139 1219 omnia
1192 1158 1270 1220 ad
1325 1162 1567 1221 firmam
1622 1178 1837 1240 pacem
1898 1160 2263 1233 reduxisset,
2317 1162 2524 1223 statim

300 1263 532 1335 postea,
578 1258 925 1337 pestilentia
956 1266 1174 1332 tactus,
1219 1262 1282 1322 in
1324 1261 1519 1323 Dacia
1553 1261 1762 1322 multis
1795 1260 2140 1324 dolentibus
2178 1262 2435 1325 decessit
2461 1261 2525 1347 ¹).

465 1359 884 1442 §Klempovw
985 1363 1160 1424 Anno
1217 1363 1466 1425 Domini
1526 1373 1690 1431 1424
1748 1362 1935 1425 obiitb
1980 1363 2266 1437 SisriduS,
2328 1366 2529 1450 magi-

299 1467 423 1523 ster
448 1461 772 1537 Liuoniae,
818 1471 1112 1537 evocatus
1157 1465 1236 1527 ad
1283 1466 1549 1529 tribunal
1586 1467 1809 1528 Christi
1858 1487 1965 1546 por
2009 1467 2318 1548 quendam
2354 1468 2531 1529 Mar-

301 1564 609 1646 quardum
647 1567 988 1647 Klempow,
1034 1586 1219 1649 quem
1267 1588 1339 1629 ex
1386 1568 1528 1630 odio
1576 1574 1639 1630 et
1682 1588 1939 1631 rancore
1970 1568 2197 1630 iniuste
2233 1569 2529 1651 *suspen-

198 1687 263 1729 10
301 1667 449 1728 dere
492 1668 718 1741 voluit,
773 1670 933 1731 sicut
978 1676 1039 1732 et
1083 1669 1292 1744 secit*,
1339 1691 1411 1732 ex
1457 1691 1563 1743 ρο,
1610 1671 1776 1752 quod
1825 1670 2140 1752 quandam
2188 1672 2531 1744 mulierem,

245 1847 254 1856 ι
301 1769 445 1832 dicti
492 1771 767 1856 magistri
812 1771 1249 1845 concubinam,
1308 1771 1533 1834 ducere
1577 1773 1812 1834 noluitc
1864 1773 1926 1834 in
1975 1793 2228 1836 uxorem
2283 1774 2531 1836 nomine

302 1872 581 1946 Odelam,
627 1874 910 1936 civissam
959 1873 1283 1958 Rigensem
1308 1874 1376 1956 2).

467 1978 643 2037 Anno
710 1976 926 2038 eodem
960 1978 1344 2065 'interfectus
1412 1984 1502 2039 est
1557 1975 1640 2064 [in
1698 1974 1880 2064 bello]
1933 1998 2040 2059 per
2102 1978 2532 2058 stipendiarios

302 2097 503 2158 papae
538 2079 793 2141 Martini
840 2085 901 2140 et
930 2079 1288 2144 Romanosd
1336 2081 1610 2154 BraciuS,
1658 2087 1873 2160 potens
1918 2080 2109 2153 mileS,
2155 2080 2262 2161 qui
2310 2076 2531 2166 [eccle-

206 2193 265 2237 15
300 2182 458 2243 siam
490 2180 589 2242 dei
619 2178 982 2266 et],papam,
1028 2201 1213 2263 quem
1252 2183 1581 2271 humiliare
1626 2183 1932 2243 intantum
1964 2182 1981 2267 ΙΙ
2011 2183 2412 2266 gloriabatur,
2458 2189 2526 2245 ut
2553 2182 2681 2245 Fol.
2709 2179 2828 2249 16⁶·

301 2303 413 2363 pro
473 2283 713 2346 duobus
769 2279 1087 2366 quadrinis
1146 2285 1394 2347 missam
1450 2284 1655 2347 dicere
1710 2285 2012 2371 deberem
2071 2286 2278 2347 multis
2333 2286 2531 2348 tribu-

301 2386 631 2448 lationibus
675 2389 923 2449 vexavit
945 2386 991 2470 3)

472 2490 648 2551 Anno
681 2488 897 2551 eodem
929 2489 1162 2562 EricuS,
1192 2509 1297 2551 rex
1322 2489 1569 2561 Daciae,
1596 2485 1786 2575 [circa
1816 2492 2040 2550 festum
2060 2485 2532 2575 Assumptionis]

283 2593 490 2680 ,exivit
524 2613 781 2679 regnum
819 2613 1001 2656 suum
1043 2613 1255 2657 versus
1286 2592 1645 2677 Ungariam,
1684 2591 1785 2653 ubi
1821 2592 1881 2654 in
1918 2592 2067 2654 urbe
2100 2592 2273 2676 regia
2307 2590 2530 2667 Ouenf,

203 2702 267 2746 20
303 2695 528 2757 *citato
563 2697 834 2772 Hinrico,
880 2696 1038 2759 duce
1071 2697 1538 2767 Sleszwicensig,
1585 2694 1949 2756 sententiam
1984 2712 2191 2767 unam,
2237 2695 2527 2757 iniustam

302 2798 578 2871 *tamem
645 2807 858 2862 contra
923 2820 1066 2861 eum
1135 2800 1398 2861 obtinuit
1462 2796 1637 2869 rex*,
1703 2803 1765 2858 et
1828 2795 2077 2858 tandem
2142 2796 2400 2859 ulterius
2449 2796 2528 2859 ad
2583 2833 2587 2837 ·

300 2910 529 2965 terram
572 2907 848 2983 sanctam
892 2902 1184 2983 processit
1203 2901 1271 2985 4).
2278 2973 2291 2983 .

471 3007 646 3067 Anno
683 3005 930 3068 Domini
980 2987 1181 3073 1425h
1225 3004 1511 3067 dominus
1547 3000 1859 3064 Jordanus
1897 3001 2342 3077 Pleszkouwe¹‚
2389 3022 2533 3083 pro-

306 3109 517 3171 consul
558 3108 914 3170 Lubicensis
945 3103 1461 3194 [valentissimus],
1504 3106 1655 3168 obiit
1688 3105 1748 3166 in
1787 3103 2153 3184 epidemiak,
2200 3104 2309 3186 qui
2333 3105 2535 3190 gloria

206 3196 268 3256 ’25
305 3211 423 3272 fuit
466 3212 828 3273 cunctarum
874 3209 1195 3271 civitatum
1238 3207 1728 3293 stagnalium15).

305 3316 478 3324 —fi-
499 3317 542 3322 „0
601 3317 708 3321 um

510 3365 560 3397 u.
591 3349 707 3398 Fa:
753 3345 923 3408 1427,·
973 3348 1105 3412 Mrg.
1143 3346 1310 3412 Hbg:
1348 3349 1414 3397 al.
1453 3344 1606 3395 1425.
1816 3344 1863 3407 i)
1911 3345 2003 3394 Ed.
2041 3345 2120 3394 Li.
2159 3360 2209 3393 u.
2248 3344 2363 3392 Fa.:
2399 3343 2535 3393 Εἰρε-

509 3415 705 3477 lcouwe,
758 3416 923 3467 sehon
976 3417 1046 3465 im
1101 3415 1289 3465 Hamb.
1342 3416 1439 3464 Ex.
1493 3431 1574 3464 am
1626 3413 1830 3474 Raude,
1878 3413 1978 3462 wie
2025 3412 2186 3474 oben,
2233 3410 2533 3476 berichtigt.

509 3482 577 3544 k)
625 3484 717 3535 Ed.
757 3500 831 3548 pr.
869 3499 918 3533 u.
954 3484 1067 3534 Βία
1116 3484 1379 3550 epidimia5
1427 3483 1520 3532 Ed.
1556 3482 1676 3532 Fa.:
1729 3479 2036 3548 epidimidia.
2239 3480 2284 3536 l)
2334 3479 2533 3529 Hierzu

509 3553 579 3602 ist
613 3552 684 3601 im
720 3550 909 3601 Hamb.
949 3552 1047 3602 Ex.
1083 3552 1347 3602 bemerkt:
1384 3545 1616 3609 &cesten

311 3720 527 3786 speciell
577 3724 879 3773 erwahnten
925 3722 1225 3773 Ansinnens
1274 3738 1333 3774 so
1380 3723 1552 3788 wenig
1598 3721 1825 3786 gedacht
1871 3723 1965 3782 ist,
2017 3721 2116 3771 wie
2161 3721 2215 3769 in
2253 3719 2343 3769 der
2377 3718 2537 3770 Chro-

310 3789 430 3850 nik,
482 3789 598 3839 dass
645 3790 866 3840 Bracius
909 3791 965 3839 in
1023 3790 1383 3856 ungeweihter
1428 3790 1596 3839 Statte
1641 3791 1750 3839 alse
1794 3807 1853 3838 en
1902 3787 2061 3838 Hund
2111 3786 2381 3853 begraben
2440 3788 2533 3838 sei.

314 3859 369 3908 4)
418 3855 757 3906 Ansfiihrlich
806 3856 1069 3908 berichtet
1113 3857 1243 3908 iiber
1289 3858 1373 3908 die
1418 3858 1563 3921 Ziige
1612 3858 1677 3907 K.
1722 3856 1924 3907 Erich's
1970 3855 2076 3906 und
2123 3857 2294 3905 seiner
2338 3870 2434 3904 vor
2468 3855 2533 3905 Κ.

315 3923 617 3989 sigismund
654 3940 823 3989 gegen
859 3926 925 3975 H.
954 3925 1223 3976 Friedrich
1261 3924 1558 3975 erhobenen
1586 3925 1899 3989 Anspriiche
1937 3925 2032 3974 aus
2056 3923 2350 3989 Schleswig
2385 3923 2535 3973 Cor-

313 4001 428 4039 ner
472 3991 505 4040 l.
551 4006 595 4039 c.
641 4007 758 4056 pag.
798 3997 923 4041 1260
979 4000 1034 4042 61
1140 3995 1188 4043 S.
1231 3993 1363 4042 auch
1411 3993 1744 4042 Detmar's
1779 3993 1942 4042 Foris.
1982 4006 2027 4040 a.
2066 4005 2096 4039 a
2150 3991 2210 4041 Ο.
2248 3991 2298 4039 S.
2337 3996 2415 4039 36.
2455 3993 2534 4039 37.

317 4056 374 4117 5)
429 4058 552 4108 Fast
597 4059 836 4109 w'ortlich
886 4061 1385 4112 iibereinstimmend
1432 4062 1525 4109 mit
1566 4061 1808 4109 Cui-ner
1854 4059 1917 4108 ad
1952 4060 2012 4108 A.
2061 4063 2187 4107 1425
2239 4059 2294 4118 (l.
2333 4073 2379 4108 c.
2416 4075 2532 4123 pag.

322 4129 445 4174 1267
484 4125 537 4173 in
571 4126 649 4186 fi),
682 4142 780 4175 nur
814 4127 933 4178 dass
959 4130 1127 4178 dieser
1155 4129 1293 4178 noch
1316 4127 1610 4192 Specialien
1643 4126 1772 4176 iiber
1801 4126 1975 4190 jenen,
2011 4142 2113 4175 von
2153 4126 2257 4175 ihm
2296 4125 2453 4175 honor
2489 4134 2538 4174 et

312 4194 481 4256 yleria
517 4210 641 4240 omn.
678 4195 768 4242 civ.
806 4194 867 4242 cle
901 4197 1044 4244 Ausa
1084 4202 1400 4262 genannten,
1437 4196 1847 4257 Biirgermeister
1891 4192 2047 4255 giebt.
2129 4195 2235 4243 Des
2271 4193 2535 4243 Jordauus

316 4260 558 4309 Pleskow
596 4259 824 4324 gedenkt
859 4263 993 4314 auch
1030 4262 1115 4313 bei
1138 4263 1577 4326 Verhandlungen
1617 4261 1877 4312 zwischen
1902 4262 2080 4325 Konig
2109 4260 2264 4311 Erich
2297 4261 2401 4310 und
2437 4261 2533 4309 den

316 4326 618 4399 Holsteiner
650 4326 840 4377 Grasen
887 4347 1004 4381 zum
1040 4333 1091 4381 J.
1136 4337 1258 4381 1423
1297 4330 1387 4380 das
1422 4330 1613 4380 Chron.
1649 4329 1946 4380 Holtzatiae
1990 4344 2104 4394 cap.
2142 4333 2204 4377 43
2242 4346 2290 4395 p.
2334 4332 2425 4376 140
2460 4343 2537 4394 sq.
