3158 5260
1073 564 1275 618 PARS
1320 564 1403 623 ΙΙ.
1474 563 1636 619 CAP.
1682 563 1783 619 37.
2426 560 2549 626 109

319 768 554 832 Eodem
624 785 787 830 anno
855 766 1009 829 obiit·
1073 767 1397 847 episcopus
1457 766 1771 829 Johannes
1837 765 2036 829 dictus
2101 766 2177 829 de
2244 766 2442 831 Lubic
2474 766 2546 852 ²);

320 866 486 957 [cap.
535 868 841 933 XXXVII.
854 864 912 954 ⁸]

488 1128 518 1204 ᾗ
565 1124 724 1187 VIII.
760 1126 1103 1206 episcopus.
1163 1056 1497 1188 Albertus
1520 1124 1569 1202 2)
1597 1124 1921 1206 episcopus
1942 1119 2396 1211 [Liuoniensis]
2418 1126 2549 1189 sive

322 1227 600 1309 Rigensis
653 1229 715 1289 in
770 1226 971 1290 Lubic
1025 1228 1318 1299 residem,
1374 1225 1556 1289 datus
1602 1235 1693 1288 est
1734 1227 1796 1288 in
1843 1232 2112 1288 tutorem
2158 1221 2319 1311 [sive
2363 1228 2549 1290 mini-

254 1350 282 1393 5
319 1324 547 1413 strum]
604 1329 899 1391 ecclesiae
943 1330 1273 1392 Lubicensi
1328 1348 1492 1391 anno
1549 1327 1797 1391 Domini
1847 1336 2036 1402 1247,
2083 1330 2192 1409 qui
2236 1329 2394 1391 sedit
2438 1349 2547 1412 per

320 1450 423 1492 sex
457 1450 650 1492 annos
685 1431 974 1514 integrm,
998 1427 1255 1517 [quibus
1287 1431 1535 1493 vacavit
1560 1430 1820 1493 ecclesia
1843 1427 2231 1520 Lubicensis]
2269 1439 2406 1513 post
2437 1432 2548 1496 de-

321 1551 557 1595 cessum
594 1532 740 1595 dicti
763 1533 1076 1596 'Johannis
1108 1533 1186 1596 de
1208 1533 1423 1606 Lubic‚
1465 1532 1617 1615 quia
1654 1532 1933 1595 canonici
1970 1531 2047 1594 de
2085 1533 2386 1596 electione
2424 1555 2547 1598 non

322 1642 607 1715 poterant
634 1635 1027 1701 concordare.
1086 1637 1116 1716 §
1145 1637 1320 1699 Anno
1348 1637 1481 1697 eius
1506 1632 1814 1696 secundob
1843 1634 2147 1698 discordia
2170 1636 2378 1721 gravis
2411 1644 2549 1700 orta
2581 1676 2587 1683 ·

321 1744 412 1799 est
455 1738 615 1801 inter
655 1756 799 1799 eum
838 1743 900 1798 et
937 1737 1285 1801 Johannem
1321 1744 1385 1799 et
1421 1736 1840 1810 eberardum,
1881 1739 2133 1800 comites
2172 1738 2543 1813 Holtzatiae,

224 1855 284 1900 10
320 1859 505 1920 super
545 1839 796 1902 decimis
831 1839 894 1901 in
941 1846 1106 1902 terra
1139 1840 1560 1924 Oldenburg03
1596 1837 1738 1901 *sed
1771 1839 2019 1901 tandem
2057 1838 2543 1925 concorndarunt,

322 1954 383 2003 et
426 1940 767 2022 principes*
802 1944 1152 2006 fatebantur
1186 1943 1445 2025 publice,
1490 1941 1659 2024 quod
1691 1947 1933 2004 tantum
1975 1942 2037 2005 in
2072 1943 2552 2008 Lutkenbrode‘¹

322 2052 383 2106 et
408 2043 834 2107 Grotenbrode
867 2044 1025 2106 villis
1061 2046 1357 2108 medietas
1386 2044 1769 2106 decimarum
1804 2064 1910 2106 eos
1940 2052 2243 2130 tangeret.
2307 2047 2387 2109 Et
2419 2055 2548 2110 sta-

322 2151 597 2219 tuerunt,
646 2147 815 2229 quod
860 2148 936 2210 de
982 2146 1210 2229 palude
1253 2147 1533 2232 Dolghen
1583 2166 1783 2229 usque
1827 2146 1907 2208 ad
1953 2167 2128 2210 mare
2172 2148 2250 2211 de
2291 2149 2548 2236 singulis

323 2249 568 2321 mansis,
615 2250 794 2311 cultis
838 2257 901 2312 et
944 2250 1207 2322 incultis,
1252 2261 1291 2316 4
1330 2248 1683 2311 modiorum
1730 2246 2008 2312 decimae
2053 2269 2249 2330 purae
2292 2252 2548 2336 siliginis

226 2364 283 2407 15
320 2349 454 2412 dari
500 2349 792 2414 deberent
830 2353 1137 2433 episcopo.
1215 2351 1470 2432 Insuper
1511 2351 1814 2414 dederunt
1852 2353 2147 2415 ecclesiae
2182 2354 2264 2418 H.
2302 2373 2548 2417 mansos

319 2453 381 2514 in
438 2451 587 2514 villa
643 2451 928 2516 Sussow⁰
984 2473 1124 2516 cum
1182 2454 1347 2515 omni
1407 2454 1544 2515 iure
1600 2448 1692 2538 [et
1752 2449 2090 2541 libertate]‚
2150 2455 2360 2538 ibique
2417 2456 2551 2537 epi-

323 2573 546 2636 scopus
589 2555 733 2617 fecit
770 2556 924 2641 erigi
961 2554 1367 2642 granariumf‚
1412 2555 1493 2617 ad
1539 2556 1708 2639 quod
1748 2557 2208 2638 praecipiebant
2255 2558 2551 2620 comitesss

323 2656 595 2720 districte
639 2678 851 2721 omnes
894 2660 957 2722 in
1002 2668 1168 2723 terra
1200 2659 1561 2742 Oldenburg
1600 2669 1930 2733 moranteS‚
1979 2666 2047 2721 ut
2089 2679 2234 2723 suas
2279 2660 2551 2725 decimas

323 2760 585 2840 propriis
622 2761 900 2842 expensis
946 2761 1370 2842 perducerent.
1460 2761 1490 2840 §
1534 2761 1658 2823 Iste
1688 2759 1854 2823 idem
1889 2760 2174 2823 Albertus
2220 2764 2371 2826 emit
2414 2783 2549 2827 me-

226 2884 289 2929 20
324 2860 619 2924 dietatem
686 2862 1022 2927 molendini
1088 2864 1152 2927 in
1211 2863 1514 2927 Swartow
1586 2883 1696 2944 pro
1758 2863 1824 2926 O.
1886 2863 2136 2939 marcis;
2217 2883 2361 2928 nam
2421 2867 2550 2930 alia

327 2963 624 3026 medietas
667 2965 795 3028 iam
838 2966 960 3029 fuit
1002 2966 1326 3042 ecclesiae;
1372 2961 1690 3052 [Registro
1734 2965 1934 3046 primo
1980 2972 2175 3047 quota
2212 2962 2346 3055 21].
2426 2967 2548 3033 Sed

526 3275 581 3323 in
635 3272 727 3324 der
790 3272 1163 3325 Lateinischen
1220 3272 1315 3324 Ed.
1373 3288 1447 3339 pr.
1500 3272 1841 3325 vorkommen
1855 3312 1869 3337 ,
1942 3290 2022 3326 wo
2078 3274 2202 3326 aber
2264 3273 2550 3340 allerdings

526 3355 624 3391 vor
657 3339 776 3391 dem
809 3340 931 3391 δια
961 3339 1203 3390 Albertus
1239 3348 1338 3391 etc.
1383 3342 1499 3391 eine
1534 3342 1767 3392 miniirte
1802 3340 2044 3406 Initiale,
2088 3358 2224 3407 resp.
2270 3340 2363 3393 der
2406 3341 2545 3392 leere

524 3407 691 3458 Reum
735 3409 821 3459 fiir
867 3407 1049 3459 solche
1091 3407 1207 3459 sich
1256 3408 1432 3459 findet.
1501 3407 1597 3460 Ich
1641 3408 1778 3460 habe
1827 3410 1970 3460 dicse
2016 3407 2446 3475 Capitel-Rubrik
2480 3424 2549 3460 zu

525 3475 788 3527 streichen
822 3475 950 3526 kein
984 3475 1268 3527 Bedeuken
1302 3482 1571 3542 getragen.
1783 3475 1845 3539 b)
1898 3478 1960 3527 In
2003 3477 2093 3529 der
2141 3477 2235 3528 Ed.
2270 3493 2347 3542 pr.
2392 3476 2549 3539 steht,

524 3543 698 3610 gleich
740 3544 839 3594 wie
872 3545 929 3593 in
963 3543 1059 3594 Ed.
1092 3542 1173 3593 Li.
1208 3559 1261 3594 u.
1298 3544 1414 3606 Fa„
1461 3559 1597 3609 ganz
1633 3543 1866 3595 deutlich
1903 3550 1994 3608 20,
2030 3543 2266 3595 offenbar
2298 3550 2423 3595 statt
2467 3543 2551 3607 2⁰,

525 3611 572 3660 d.
607 3610 659 3660 h.
706 3610 946 3672 secundo,
993 3610 1222 3662 welches
1261 3611 1397 3661 auch
1432 3610 1520 3661 bei
1556 3612 2039 3678 Krummeudyk
2074 3612 2189 3662 sich
2223 3612 2400 3662 findet.
2470 3612 2549 3662 Im

524 3677 713 3729 Hamh.
731 3679 894 3729 Exem
936 3677 1015 3729 lar
1037 3678 1181 3729 istiu
1201 3679 1367 3744 Marg.
1386 3694 1453 3729 zu
1478 3684 1543 3729 20
1565 3678 1832 3730 hemerktt
1870 3681 1936 3729 al.
1960 3679 2190 3730 secundo.
2362 3680 2419 3736 c)
2455 3678 2548 3731 Bei

525 3746 867 3797 Krnmmen
926 3745 1012 3812 yk
1048 3745 1179 3796 wird
1214 3745 1591 3811 hinzugefiigt:
1636 3764 1751 3796 nam
1787 3750 2049 3815 principes
2087 3745 2443 3813 affirmabant,
2493 3761 2550 3797 se

526 3831 759 3880 maynam
783 3814 1090 3864 decimarum
1118 3811 1179 3870 (l.
1203 3813 1467 3874 decimam)
1503 3816 1556 3863 in
1579 3814 1800 3880 seudum
1838 3823 2005 3865 tenere
2038 3814 2102 3865 ab
2138 3815 2362 3875 ecclesia,
2399 3821 2449 3863 et
2480 3816 2551 3864 si·

523 3882 714 3931 militer
729 3883 944 3932 vasallis
967 3884 1078 3932 suis
1102 3880 1322 3931 decimas
1343 3889 1484 3931 artos
1507 3884 1562 3931 in
1577 3882 1781 3948 fludum
1800 3884 2129 3933 contulerunt.
2312 3881 2375 3941 d)
2411 3882 2550 3948 Mrg.

528 3948 699 4014 Hbg.:
734 3951 802 4000 al.
840 3948 1001 3999 borch.
1215 3948 1268 4013 e)
1318 3949 1387 4000 So
1427 3949 1529 4001 alle
1564 3948 1881 4016 Ausgaben3
1926 3952 2001 4000 im
2035 3952 2173 4017 Mrg.
2208 3949 2351 4015 Hbg.
2386 3949 2551 4001 findet

527 4016 640 4067 sich
686 4017 867 4068 hierzu
910 4017 977 4067 al.
1017 4015 1227 4067 Bunaeow
1262 4016 1517 4067 bemerkt.
1737 4016 1783 4079 f)
1836 4018 1932 4069 Ed.
1982 4034 2057 4085 pr.
2105 4018 2197 4068 hat
2241 4016 2551 4070 ffllschlichz

524 4086 838 4149 qrauarium.
1043 4085 1108 4151 g)
1146 4084 1239 4135 Ed.
1275 4084 1357 4135 Li.
1390 4100 1444 4135 u.
1478 4085 1596 4136 Fa:
1631 4101 1805 4135 comes.

327 4305 379 4372 Β)
417 4306 527 4359 Das
557 4306 827 4373 Folgende
852 4304 1156 4358 wescntlich
1190 4306 1689 4359 iibereinstimmend
1723 4309 1821 4358 mit
1843 4307 2036 4361 Krum
2051 4325 2137 4359 me
2153 4325 2186 4358 n
2201 4307 2229 4357 d
2244 4308 2329 4374 yk
2356 4306 2554 4359 chron.

322 4374 397 4437 (ι.
434 4389 479 4425 a.
517 4373 579 4426 0.
617 4390 668 4441 p.
695 4377 841 4439 397„
880 4391 918 4426 s.
956 4372 1091 4426 auch
1127 4372 1384 4428 Corner
1415 4373 1451 4426 1.
1486 4390 1530 4428 c.
1568 4389 1688 4441 pag.
1728 4379 1836 4428 887.

2588 1881 2636 1932 p.
2676 1859 2802 1917 222.
