3158 5260
186 1799 247 1842 lo

192 2317 249 2361 15

190 2827 255 2871 20

934 547 1136 609 PARS
1180 538 1294 607 III.
1358 548 1493 606 Am
1538 544 1702 607 1188
1747 572 1822 622 sq.
2372 535 2493 606 113

279 750 503 836 liari1).
582 752 786 817 Multa
836 753 1025 815 etiam
1068 753 1393 837 privilegia
1437 753 1616 814 utilia
1663 772 1771 832 pro
1817 752 2073 814 ecclesia
2118 752 2490 832 impetravit.

278 853 561 917 Tandem
636 855 874 918 rediens
933 856 1014 919 ad
1083 876 1292 940 regem
1352 856 1775 917 Romanorum
1844 855 1993 916 obiit
2065 854 2228 916 circa
2289 858 2495 934 partes

277 957 433 1018 Reni
475 957 539 1017 in
584 956 894 1030 Essendia,
937 960 1212 1039 sepultus
1257 959 1318 1019 in
1364 958 1637 1021 Nuisia⁸.
1726 957 1897 1020 Sedit
1940 956 2113 1018 annis
2157 976 2279 1019 sex.

448 1053 509 1142 [ξ
553 1059 880 1121 Pontifices
924 1066 1160 1134 autem,
1208 1061 1317 1142 qui
1359 1074 1733 1141 sequuntur,
1780 1062 1841 1123 in
1888 1058 2101 1121 ordine
2144 1078 2258 1121 suo
2306 1060 2495 1121 habe-

281 1160 506 1222 buntur
549 1161 711 1224 infra
753 1163 815 1224 in
859 1164 1007 1225 locis
1048 1158 1268 1248 suis.]b

450 1384 481 1462 ξ
524 1382 694 1447 Ordo
742 1385 803 1445 in
847 1386 1157 1448 Prutziae.
1288 1315 1514 1447 Anno
1569 1384 1818 1447 Domini
1879 1393 2037 1452 1188
2094 1385 2296 1464 coepit
2347 1382 2497 1447 ordo

284 1487 544 1547 fratrum
592 1485 683 1573 de.
714 1487 999 1568 hospitali
1054 1488 1275 1550 domus
1317 1488 1728 1556 Teutonicae,
1782 1487 1890 1568 qui
1946 1506 2109 1547 nunc
2165 1493 2383 1569 regnat
2434 1487 2500 1548 in

282 1584 573 1648 Prutzia⁰
632 1596 693 1650 et
759 1590 1054 1667 Livonia3
1121 1597 1184 1652 et
1246 1589 1644 1651 dominantur
1701 1589 1983 1663 summiS,
2060 1589 2167 1670 qui
2237 1588 2501 1650 instituti

281 1694 427 1749 sunt
479 1690 712 1752 servire
767 1692 1041 1755 infirmis⁸
1151 1693 1370 1772 Coepit
1419 1698 1633 1753 autem
1696 1692 1803 1754 tali
1866 1691 2048 1754 modo
2072 1689 2150 1775 2):
2232 1691 2501 1766 Quidam

284 1790 447 1852 cives
501 1793 749 1859 urbium
802 1793 1003 1858 Lubic
1056 1804 1117 1856 et
1177 1796 1463 1867 Bremae,
1520 1795 1843 1856 existentes
1896 1795 1957 1855 in
2015 1795 2284 1855 exercitu
2340 1794 2504 1856 chri-

282 1893 626 1957 stianorum
700 1914 843 1957 cum
907 1897 1190 1978 Adolpho
1256 1897 1480 1958 comite
1536 1897 1969 1959 Holt-zatorum
2036 1896 2098 1958 in
2161 1895 2503 1958 subsidium

282 2002 487 2059 terrae
548 2004 866 2072 sanctae„
906 1982 1230 2083 videntes'll
1266 2001 1469 2080 plures
1547 1999 1923 2061 Teutonicos
1987 1998 2341 2081 peregrinos
2405 1998 2501 2059 in·
2526 2001 2805 2066 F01.110·

283 2101 491 2162 firmos
554 2101 758 2163 iacere
820 2102 883 2163 in
948 2102 1097 2164 locis
1167 2101 1419 2164 diversis
1486 2102 1690 2182 campi
1755 2101 1818 2161 in
1882 2101 2163 2162 maximis
2231 2099 2508 2189 miseriis

284 2202 520 2283 absque
582 2204 1008 2285 cuiuscunque
1073 2223 1252 2276 cura,
1334 2203 1586 2285 quaudo
1651 2203 1778 2265 scil.
1841 2200 2142 2265 exercitus
2225 2203 2508 2265 christia-

285 2324 507 2367 norum
553 2312 687 2368 erat
740 2306 802 2368 in
846 2303 1273 2386 expeditioned
1316 2307 1517 2367 Accon
1571 2324 1712 2366 cum
1765 2306 1963 2386 primo
2009 2304 2335 2367 Frederico
2389 2305 2509 2366 im-

287 2414 600 2487 peratore,
674 2406 1096 2470 misericordia
1169 2409 1347 2480 moti,
1435 2416 1806 2487 acceperunt
1878 2410 2074 2470 latum
2151 2396 2357 2469 velum
2431 2405 2509 2468 de

287 2509 563 2591 quadam
642 2529 873 2594 magna
940 2509 1119 2582 navi,
1200 2516 1261 2571 et
1335 2507 1479 2571 inde
1552 2509 1846 2570 facientes
1922 2509 2256 2571 tentorium
2322 2509 2510 2570 colle-

286 2618 512 2696 gerunt
586 2614 700 2675 sub
776 2613 882 2675 illo
948 2612 1223 2692 ipfirmos
1288 2611 1466 2680 tales,
1533 2617 1596 2673 et
1662 2632 1874 2674 curam
1943 2630 2160 2674 eorum
2229 2616 2506 2695 egerunt.

289 2716 443 2796 Ipsis
498 2735 752 2797 quoque
795 2735 937 2777 cum
984 2713 1209 2777 comite
1255 2712 1537 2794 Adolpho
1583 2713 2007 2789 redeuntibuS,
2068 2715 2507 2777 commiserunt

292 2812 507 2903 [illud]
565 2818 883 2898 capellano
940 2816 1276 2889 Frederici,
1335 2814 1506 2877 ducis
1560 2815 1855 2890 Sueviae,
1920 2817 2030 2879 filii
2084 2815 2510 2897 *imperatoris

291 2926 441 2982 tunc
481 2920 723 2983 noviter
766 2917 1193 2991 summersi*⁰,
1245 2918 1372 2981 scil.
1418 2918 1729 2981 Frederici
1785 2921 1996 3001 primi,
2053 2926 2116 2982 et
2169 2919 2510 2981 camerario

291 3021 567 3102 ejusdem
612 3005 913 3103 capellani
931 3020 976 3097 f,
1031 3023 1141 3103 qui
1185 3021 1671 3084 aedificaverunt
1712 3022 1795 3085 ibi
1842 3022 2154 3084 domicilia
2197 3028 2262 3083 et
2303 3023 2512 3102 capel-

292 3124 416 3186 lam
470 3125 533 3186 in
593 3125 888 3186 honorem
936 3125 1158 3186 beatae
1202 3123 1447 3186 Mariae
1492 3124 1787 3209 Virginis,
1831 3123 2050 3187 domus
2095 3124 2514 3187 Teutonicae-

293 3236 456 3308 quess
510 3225 704 3289 illudh
762 3227 1239 3289 nominaverunt
1282 3226 1586 3307 hospitale
1644 3228 1862 3289 beatae
1907 3226 2200 3312 Virginis,
2265 3227 2514 3309 [quibus

496 3466 715 3518 Worten
730 3484 905 3517 curam
927 3476 1013 3517 etc.
1042 3467 1127 3519 die
1145 3465 1464 3532 Zeitangabe
1497 3467 1685 3518 dahin:
1716 3484 1814 3534 per
1848 3475 1999 3518 totum
2029 3474 2217 3535 tempus
2246 3466 2389 3528 illud,
2422 3483 2517 3534 quo

455 3567 458 3570 π
497 3536 746 3585 exercitus
783 3544 896 3586 erat
942 3537 996 3586 in
1038 3536 1404 3602 expuqnato‘one
1444 3534 1667 3584 Akaron.
1889 3533 1940 3597 e)
1989 3535 2083 3585 Ed.
2120 3552 2223 3601 pne
2275 3535 2516 3593 stimet-ei,-

497 3603 591 3652 Ed.
627 3603 707 3653 Li.
742 3618 792 3652 u.
830 3603 952 3653 Fa:
1005 3601 1265 3653 submersi.
1507 3604 1550 3667 f)
1606 3604 1700 3653 Bei
1748 3602 1995 3653 Corner
2054 3602 2220 3653 lautet
2275 3602 2359 3653 die
2407 3609 2518 3653 ent-

498 3670 815 3736 sprechende
836 3671 998 3721 Stelle
1024 3670 1212 3721 dahin:
1248 3672 1601 3721 commiserunt
1631 3671 1893 3738 capellano
1923 3668 2195 3731 Fridem,
2230 3670 2372 3720 ducis
2393 3667 2519 3720 Sue·

497 3740 628 3800 viae,
655 3738 763 3804 filii
795 3740 1117 3806 imperatoris
1153 3738 1395 3804 defuncti,
1436 3746 1484 3787 et
1518 3740 1801 3787 camerario
1837 3738 2057 3788 eiusdem
2094 3738 2229 3797 (also
2266 3737 2356 3789 des
2391 3737 2516 3788 Kai-

498 3822 607 3857 sers
641 3806 767 3857 oder
804 3806 894 3856 des
930 3806 1212 3872 Herzogs).
1432 3804 1492 3871 g)
1542 3806 1612 3856 So
1661 3805 1764 3856 alle
1799 3805 2099 3870 Ausgaben.
2321 3804 2386 3865 h)
2422 3804 2518 3856 Bei

498 3874 753 3925 corner
794 3874 961 3925 heisst
1004 3891 1092 3925 es:
1142 3882 1192 3923 et
1235 3876 1624 3923 nominaverunt
1661 3874 2054 3924 conventiculum
2100 3873 2231 3923 illud
2271 3871 2518 3940 hospitale

499 3940 560 3989 B.
607 3939 745 4007 γίνῃ.
781 3941 955 3990 domus
999 3941 1045 3990 T
1042 3940 1355 4002 euthonicae,
1392 3942 1500 3991 und
1535 3941 1655 3992 sind
1691 3943 1745 3992 in
1782 3958 1997 3993 unserer
2029 3940 2263 3992 Chronik
2297 3956 2398 3991 nur
2433 3940 2517 3991 die

499 4006 686 4059 beiden
723 4008 913 4060 letzten
947 4008 1129 4059 Worte
1162 4008 1554 4075 vorangestellt.

298 4228 534 4289 Worten,
567 4245 663 4279 sec.
699 4226 1046 4294 qulzardum,
1083 4229 1274 4281 wieder
1308 4230 1453 4280 seine
1490 4228 1677 4291 Quelle
1714 4227 1942 4293 angiebt.
2010 4228 2273 4279 Detmar
2305 4228 2396 4279 hat
2429 4227 2521 4279 der

297 4296 534 4415 {tiiitttmg
572 4296 663 4348 des
714 4296 995 4348 deutschen
1034 4296 1267 4360 Ordens,
1318 4314 1375 4348 so
1412 4296 1519 4347 viel
1557 4297 1642 4347 ioh
1680 4296 1937 4360 geschen,
1991 4295 2194 4347 iiberall
2237 4296 2387 4346 nicht
2434 4312 2522 4359 ge·

332 4379 393 4415 ac
456 4405 469 4418 .

1917 4470 1946 4516 8
