3158 5260
941 494 975 515 φ

1006 571 1212 628 PARS
1253 573 1302 627 J.
1368 571 1529 628 OAP.
1575 573 1839 631 18—19.
2219 550 2222 559 '
2448 573 2529 637 ⁵1

306 765 684 830 Praebezlao
697 777 738 842 ⁸,
778 774 856 835 ,ut
886 771 1001 833 sub
1038 772 1295 834 obtentu
1338 791 1492 834 suae
1533 774 1778 858 gratiae
1824 774 1988 837 circa
2018 776 2358 840 Vicelinum
2404 779 2535 858 ple-

306 887 452 930 nam
495 878 741 952 gereret
784 871 1200 955 diligentiam,
1257 877 1529 956 fecitque
1571 877 1914 939 Vicelinum
1959 879 2310 958 pontificem
2355 899 2537 965 mag-

304 990 455 1032 num
483 969 558 1055 1),
616 974 726 1054 qui
770 994 1067 1055 personas
1122 975 1451 1040 '“idoneas'¹=
1494 979 1747 1060 utrique
1792 980 2086 1042 ecclesiae
2130 983 2426 1061 praefecit
2478 990 2540 1043 et

305 1071 745 1138 *seminarium
790 1077 933 1140 fldei
980 1074 1270 1166 [iterum]
1317 1079 1614 1161 profecit*
1636 1079 1703 1166 ²).
1944 1069 1952 1077 ’

237 1291 267 1335 5
1138 1285 1497 1366 Capitulum
1543 1282 1705 1347 XIX.

303 1357 476 1495 HIS
523 1435 787 1514 peractis
838 1435 1136 1500 Lotarius
1180 1437 1349 1500 dedit
1392 1438 1688 1501 ducatum
1735 1436 2043 1500 Saxoniae
2087 1438 2372 1513 HinricO,
2428 1459 2541 1524 ge—

309 1553 458 1596 nero
503 1556 636 1611 su0,
681 1537 822 1600 duci
860 1539 1192 1614 Bauariae,
1243 1560 1428 1622 quem
1476 1542 1663 1603 etiam
1697 1559 1905 1602 secum
1939 1558 2274 1615 assumens»,
2316 1539 2541 1621 *para—

304 1635 443 1698 vitb
498 1639 833 1702 secundam
891 1630 1331 1723 prosectionem
1377 1644 1438 1705 in
1485 1641 1769 1704 Italiam*
1787 1642 1861 1726 ³);
1915 1642 2228 1725 Rogerum
2283 1662 2538 1724 quoque

303 1738 626 1802 Siculum⁰
669 1742 951 1824 Apulead
998 1745 1248 1825 pepulit,
1295 1751 1357 1805 et
1401 1764 1541 1806 cum
1589 1746 1711 1806 iam
1759 1743 1997 1806 *redire
2034 1743 2337 1825 para1·et*,
2382 1740 2534 1831 [im—

206 1850 268 1895 10
306 1838 587 1928 matura]
634 1851 832 1907 morte
878 1854 1248 1926 praeventus
1302 1854 1391 1908 est
1435 1866 1599 1909 anno
1645 1847 1892 1909 Domini
1934 1855 2094 1914 1138
2114 1844 2182 1930 ⁴).
2282 1848 2360 1909 Et
2411 1848 2531 1910 heu

302 1943 540 2008 *omnis
582 1946 814 2009 virtus*
861 1943 1240 2035 [Saxonum]
1287 1951 1535 2011 turbata
1579 1956 1686 2023 est,
1731 1956 1793 2012 et
1835 1949 1897 2010 in
1937 1948 2152 2012 Slauia
2196 1969 2292 2011 res
2337 1950 2533 2011 eccle-

302 2048 588 2111 siasticae
648 2050 873 2112 iterum
930 2052 1318 2114 labefactae⁶
1375 2059 1547 2128 sunt}
1623 2072 1846 2133 corpus
1913 2059 2119 2114 tamen
2175 2052 2415 2113 Lotarii
2468 2052 2531 2113 in

304 2150 571 2213 Luttore
640 2147 979 2237 [perlatum
1047 2151 1269 2242 atque]
1338 2155 1654 2237 sepultum
1734 2161 1839 2217 est.
1963 2155 2042 2216 Et
2099 2154 2419 2217 Conradus
2477 2158 2533 2217 ei

257 2265 264 2272 “
304 2254 596 2317 successit
639 2254 700 2316 in
745 2255 1031 2337 imperio;
1079 2252 1343 2344 [coepit]
1391 2278 1553 2320 anno
1605 2258 1852 2319 Domini
1906 2266 2097 2329 1138,
2144 2251 2248 2341 [ut
2287 2253 2529 2344 supra].

210 2358 270 2403 ¹5
306 2355 552 2418 Guerra
617 2376 872 2439 quoque
937 2359 1151 2444 ingens
1219 2363 1384 2422 sacta
1450 2367 1542 2422 est
1606 2361 1765 2422 inter
1824 2359 2181 2432 Hinricum,
2249 2358 2532 2422 Lotharii

303 2477 620 2542 generum,
666 2465 728 2521 et
770 2460 1172 2523 Adelbertum
1225 2463 1672 2537 marchionem,
1718 2463 1874 2524 filios
1919 2462 2185 2524 duarum
2230 2482 2531 2538 sororum,

306 2568 555 2642 propter
600 2560 895 2625 ducatum
944 2562 1249 2626 Saxoniae
1268 2562 1335 2649 ⁵).
1418 2564 1740 2628 Conradus
1786 2571 1992 2627 tamen
2055 2583 2266 2626 caesar
2310 2564 2532 2625 annuit

304 2663 666 2749 Adelberto;
721 2666 861 2728 ideo
906 2667 1268 2730 Adelbertus
1312 2666 1729 2750 *praeripuit*
1773 2676 2041 2731 castrum
2089 2668 2428 2752 Luneburg
2472 2674 2534 2729 et

308 2766 662 2840 Bardewik,
721 2776 782 2829 et
824 2770 1221 2833 Bremam.et
1275 2770 1836 2856 Nordalbingorum
1883 2777 2117 2851 parte3‚
2181 2790 2346 2852 quae
2388 2781 2531 2833 sunt

203 2877 271 2923 ²0
307 2870 515 2931 omnia
545 2870 939 2934 occidentalis
967 2853 1396 2956 Sax'oniaefss„
1442 2872 1582 2935 ideo
1617 2893 1821 2934 comes
1846 2872 2163 2955 Adolphus
2191 2874 2403 2954 pulsus
2441 2880 2533 2935 est

305 2971 383 3033 de
434 2973 770 3056 Zigeberch
793 2970 858 3057 ⁷).
959 2974 1099 3035 Hoc
1151 2981 1466 3053 comperto
1521 2976 1959 3049 PraebezlauS,
2026 2975 2104 3037 de
2157 2993 2283 3056 quo
2340 2995 2530 3056 supra

306 3068 468 3158 [cap
505 3070 635 3161 18],
678 3076 883 3137 exiens
916 3075 993 3137 de
1023 3075 1241 3137 Lubek
1274 3076 1648 3160 Zigeberchg
1691 3084 1752 3139 et
1784 3078 1993 3139 omnia
2030 3077 2533 3139 circumiacentia

304 3175 650 3251 demolitus,
696 3196 856 3239 novo
901 3177 1128 3240 ibidem
1165 3179 1437 3240 oratorio
1482 3179 1627 3264 igne
1665 3185 2028 3260 consumpto
2048 3177 2115 3263 ⁸),
2158 3180 2445 3242 Volberto
2463 3176 2530 3263 ⁹),

405 3417 466 3479 a)
501 3416 599 3467 Ed.
617 3417 698 3467 Li.
718 3432 771 3467 u.
794 3417 908 3468 Fa:
946 3414 1269 3468 Praebeslao.
1453 3417 1518 3479 b)
1554 3420 1617 3469 In
1639 3419 1734 3470 Ed.
1761 3436 1867 3486 pn:
1896 3422 2078 3487 pauit.
2256 3420 2313 3473 c)
2350 3420 2412 3469 In
2432 3418 2526 3469 Ed.

505 3500 611 3549 pn:
644 3483 877 3535 Situlum.
1084 3484 1140 3545 d)
1176 3486 1271 3536 Ed.
1295 3486 1374 3535 Li.
1406 3502 1457 3536 u.
1487 3487 1604 3536 Fa.:
1643 3487 1849 3554 Apulia.
2057 3486 2109 3550 e)
2148 3487 2217 3538 So
2254 3486 2355 3536 alle
2397 3487 2531 3537 Aus-

505 3551 702 3617 gaben3
744 3551 831 3603 bei
877 3551 1179 3604 Helmold
1215 3553 1248 3603 1.
1286 3569 1331 3604 c.
1379 3553 1412 3615 s
1446 3560 1523 3603 5.:
1572 3554 1927 3619 labefactatae.
2130 3554 2180 3614 f)
2231 3554 2349 3603 Alle
2396 3554 2529 3604 Aus-

506 3618 704 3684 gaben:
738 3619 981 3671 Saxom‘a.
1117 3620 1182 3686 g)
1217 3621 1311 3671 Ed.
1334 3621 1414 3673 Li.
1441 3629 1494 3672 et
1518 3623 1609 3671 Fa.
1645 3622 1762 3673 hier
1793 3624 1893 3674 wie
1928 3622 2141 3673 vorher:
2179 3619 2443 3687 Ziqeberq.

304 3840 422 3889 eine
457 3837 893 3905 Jahres-Angabe
928 3838 1061 3890 fehlt
1097 3840 1231 3891 auch
1268 3841 1409 3905 hier,
1456 3842 1608 3892 nicht
1651 3842 1858 3891 minder
1901 3841 1985 3893 die
2019 3838 2240 3906 Angabe
2275 3840 2406 3891 iiber
2439 3839 2532 3893 das

304 3904 1138 3960 Verwandtschafts·Verhaltniss
1167 3908 1359 3960 beider.
1564 3909 1626 3972 6)
1661 3908 1780 3975 vgl.
1803 3908 2001 3960 Ebend.
2031 3908 2064 3970 s
2093 3913 2137 3959 7.
2160 3925 2211 3959 u.
2235 3914 2310 3958 8.:
2347 3908 2529 3960 Adalb.

298 3976 623 4042 praeripiens
645 3984 869 4026 castrum
880 3974 1068 4026 Luneb.
1082 3993 1193 4026 cum
1213 3976 1504 4027 civitatibus
1522 3975 1679 4027 Bard.
1702 3985 1853 4043 atque
1867 3976 1968 4038 Βῆ,
1993 3976 2294 4027 occidentali
2301 3975 2531 4028 Saxonia

299 4045 491 4109 potitus
529 4051 617 4093 est.
673 4041 779 4093 Sed
822 4052 871 4093 et
903 4039 1150 4094 Nordalb.
1187 4046 1322 4111 fines
1360 4044 1598 4112 partibus
1646 4047 1755 4094 eius
1800 4045 2031 4112 appliciti
2062 4053 2193 4094 sunt.
2269 4043 2434 4103 Quam
2469 4044 2529 4094 ob

301 4126 407 4159 rem
444 4118 531 4159 etc.
715 4111 766 4172 7)
805 4110 1110 4162 Holmold
1146 4128 1191 4161 a.
1218 4127 1262 4162 a.
1290 4113 1353 4163 O.
1384 4121 1528 4178 sagt:
1557 4115 1828 4179 provincia
1865 4112 2004 4171 (scil.
2027 4109 2527 4177 Nordalbinqorum)

297 4178 479 4244 pulsus
515 4186 603 4227 eat.
809 4176 864 4240 8)
903 4178 1022 4244 vgl.
1058 4179 1372 4231 Helmold
1409 4193 1522 4245 cap.
1560 4186 1640 4229 55.
1678 4181 1709 4241 ἓ
1745 4186 1785 4229 l.
1990 4179 2045 4240 9)
2085 4181 2179 4230 Bei
2215 4180 2527 4230 Helmold

303 4260 349 4295 a..
386 4261 432 4294 a.
469 4245 532 4295 0.
570 4245 702 4295 wir-d
735 4245 907 4296 dieser
936 4247 1132 4297 Miiuch
1180 4245 1421 4298 Volkerus
1458 4255 1707 4314 gemunt,
1743 4248 1849 4297 und
1884 4264 1988 4299 von
2026 4248 2133 4298 ihm
2167 4255 2378 4313 gesagt:
2402 4248 2527 4313 fra·

306 4321 383 4364 ter
415 4329 632 4379 maynae
664 4314 1019 4381 simlnlicitatis.

2161 4484 2226 4544 *θ
