3158 5260
908 571 1113 627 PARS
1157 573 1271 627 III.
1331 573 1469 628 Ana.
1509 572 1939 631 1427-1428.
2411 569 2535 636 173

303 772 368 834 in
409 771 822 834 Conversione
860 772 1041 835 Pauli
1084 772 1285 852 ipsum
1332 773 1411 835 ad
1460 775 1775 854 publicum
1820 778 2022 838 forum
2071 777 2534 856 produxerunt⁸

301 880 365 936 et
410 873 917 954 decapitaverunt
940 873 1005 957 ¹).

474 976 504 1054 ξ
574 975 936 1061 Haburgefi.
1062 978 1239 1038 Anno
1298 976 1514 1038 eodem
1578 975 1743 1038 circa
1812 979 2035 1039 festum
2098 979 2529 1064 Magdalenae‚

302 1074 446 1140 c'um
500 1079 778 1141 civitates
833 1080 1221 1141 intraverunt
1263 1078 1641 1153 Nortsundb‚
1690 1079 2190 1163 Hamburgenses
2247 1102 2285 1144 a
2340 1084 2531 1146 Danis

230 1194 261 1236 5
303 1181 450 1242 victi
508 1187 677 1253 sunt,
749 1186 811 1243 et
879 1187 1096 1261 captus
1163 1187 1253 1242 est
1307 1182 1631 1261 proconsul
1692 1201 1906 1245 eorum
1969 1182 2263 1246 Hinricus
2321 1186 2531 1266 Hoyer

301 1289 365 1345 et
408 1283 723 1345 Johannes
770 1282 919 1357 Vos,
972 1284 1210 1355 consul,
1256 1289 1316 1343 et
1370 1283 1574 1362 plures
1621 1283 1727 1344 alii
1774 1283 1962 1358 cives,
2009 1291 2069 1346 et
2114 1288 2292 1349 multi
2339 1288 2530 1351 inter-

300 1387 442 1446 fecti
488 1391 634 1448 sunt
655 1383 723 1468 2).

474 1488 652 1549 Anno
710 1487 926 1550 eodem
984 1486 1222 1571 Anglici
1282 1486 1604 1548 exiverunt
1657 1506 1798 1548 cum
1856 1487 1921 1550 C.
1978 1494 2040 1550 et
2081 1488 2210 1553 XL.
2270 1494 2527 1556 navibus

303 1607 515 1650 versus
547 1588 890 1651 Brit-aniam
903 1598 943 1663 0,
967 1588 1108 1651 *ubi
1144 1609 1335 1670 prope
1367 1593 1614 1670 portum
1642 1588 1878 1650 Rotzil*
1905 1591 2148 1653 obviam
2182 1593 2529 1659 habuerunt

201 1709 263 1753 lo
300 1692 581 1754 Britones
621 1697 681 1753 et
718 1692 1045 1772 HispanOS‚
1092 1692 1199 1774 qui
1240 1711 1381 1753 cum
1432 1691 1518 1752 eis
1557 1692 1926 1771 proeliantes
1971 1692 2407 1759 interfecerunt
2450 1697 2528 1760 de

300 1794 569 1855 exercitu
631 1794 1029 1878 Anglicorum
1091 1795 1253 1855 ultra
1315 1792 1523 1856 VIII.d
1582 1794 1801 1866 millia,
1867 1813 2081 1857 eorum
2144 1799 2402 1862 navibus
2460 1802 2523 1862 in

301 1896 642 1958 Britaniam
676 1895 953 1958 deductis
972 1893 1039 1978 3).
1130 1896 1160 1974 ξ
1206 1899 1380 1959 Anno
1414 1894 1632 1957 eodem
1671 1896 1886 1957 civitas
1913 1897 2404 1963 Wiszmariensis
2437 1897 2522 1988 [in

299 1998 584 2060 Adventu
611 1994 884 2083 Domini]
912 1999 1452 2061 incarceraverunt
1491 1999 1916 2079 proconsulem
1956 2018 2172 2063 eorum
2203 2002 2522 2067 dominum

300 2101 647 2163 Johannem
695 2102 1138 2173 Bantzkovven‚
1196 2108 1256 2163 et
1307 2101 1628 2163 dominum
1673 2100 1997 2164 Hinricum
2046 2102 2121 2165 de
2164 2104 2403 2179 Haren‚
2461 2113 2522 2168 et

203 2214 260 2258 15
300 2223 405 2265 eos
451 2204 778 2267 crudeliter
822 2204 1065 2285 publico
1112 2204 1173 2264 in
1221 2205 1354 2264 foro
1400 2202 1911 2282 decapitaverunt
1931 2203 2000 2287 4).
2531 2203 2538 2207 ’

466 2306 497 2384 ξ
539 2306 905 2369 Rostokcefi.
1011 2308 1187 2368 Anno
1233 2304 1451 2367 eodem
1494 2305 1937 2368 Rostokcenses
1982 2312 2042 2367 et
2081 2306 2522 2371 Wiszmarien-

298 2426 392 2467 ses
431 2407 846 2488 deposuerunt
879 2409 1266 2470 consulatum
1311 2427 1545 2479 eorum.
1586 2414 1646 2469 et
1673 2428 1870 2495 'novos
1909 2409 2300 2470 consulatos0
2342 2429 2517 2473 crea-

300 2516 547 2586 verunt3
605 2517 664 2571 et
716 2511 1159 2573 Rostokcenses
1215 2512 1582 2591 expulerunt
1626 2511 1764 2573 IIlI.
1814 2512 2206 2592 proconsules
2257 2530 2402 2574 suos
2456 2520 2517 2574 et

301 2632 405 2673 eos
450 2613 955 2694 proscripserunt,
1007 2614 1330 2695 publicatis
1376 2634 1591 2675 eorum
1639 2614 1811 2676 bonis
1858 2620 1919 2675 et
1962 2614 2246 2677 domibus
2268 2613 2336 2699 ⁵).

202 2732 266 2776 20
468 2716 497 2794 ξ
553 2714 778 2780 ὃῖιᾶθῆ.
878 2716 1055 2777 Anno
1111 2715 1360 2778 Domini
1411 2726 1571 2785 1428
1629 2716 1885 2797 quidam
1943 2717 2105 2779 cives
2151 2715 2513 2790 Sundenses,

302 2818 683 2892 braxatoreS‚
751 2819 1266 2898 conspirationem
1333 2820 1610 2880 fecerunt
1668 2819 1731 2879 in
1809 2825 2072 2881 mortem
2140 2820 2514 2891 consulatus,

303 2937 571 2998 quorum
609 2940 729 2992 sex,
776 2922 1201 3002 comprehensi
1236 2926 1296 2982 et
1330 2939 1512 2981 suum
1558 2920 1798 2981 facinus
1843 2921 2118 2994 confessi,
2166 2920 2408 3001 publice
2450 2921 2514 2982 in

301 3023 434 3082 foro
480 3021 814 3103 decapitati
858 3029 1001 3085 sunt
1023 3023 1089 3108 6).
1179 3024 1209 3103 ξ
1253 3025 1429 3096 Anno
1476 3021 1693 3083 eodem
1741 3021 1995 3103 quidam
2042 3025 2231 3085 frater
2285 3021 2514 3085 ordinis

301 3122 789 3187 Teutonicorum
834 3126 895 3188 in
942 3127 1218 3207 partibus
1249 3124 1568 3197 Livoniae‚
1614 3124 1862 3186 nomine
1894 3124 2221 3186 Goswinus
2265 3125 2514 3185 Afsche-

204 3240 263 3284 25
300 3227 497 3300 berch,
543 3227 950 3308 apprehendit
996 3248 1189 3313 prope
1242 3230 1468 3290 flumen
1515 3228 1698 3289 Dune
1743 3226 2046 3289 decanum
2091 3227 2516 3289 Revaliensem

298 3335 358 3389 et
402 3329 555 3391 alios
589 3330 746 3395 XVI.
794 3330 1061 3403 cleriCOS‚
1107 3331 1320 3392 missos
1368 3350 1473 3410 per
1503 3330 1831 3414 Rigensem
1878 3319 2257 3410 provinciam
2304 3348 2515 3391 versus

394 3502 453 3560 a)
492 3501 587 3551 Ed.
607 3502 684 3552 Li.
705 3518 756 3551 u.
775 3502 891 3551 Fa.:
917 3500 1282 3569 perduxerunt.
1470 3499 1533 3562 b)
1572 3500 1664 3551 Ed.
1688 3501 1804 3550 Fa.=
1840 3496 2134 3550 Nordsund.
2325 3497 2384 3561 c)
2421 3500 2515 3550 Ed.

492 3568 572 3619 Li.
593 3586 644 3619 u.
666 3571 753 3619 Fa.
770 3570 884 3620 hier
906 3587 956 3620 ιι.
977 3569 1232 3619 nachher:
1269 3568 1607 3619 Britanniam.
1813 3567 1868 3628 d)
1906 3568 2103 3617 Hierzu
2121 3568 2174 3616 in
2192 3568 2326 3633 Mrg.
2341 3567 2513 3633 Hbg.:

493 3638 559 3686 al.
585 3635 748 3686 7000.
955 3636 1014 3699 e)
1052 3637 1120 3687 So
1141 3638 1225 3687 die
1238 3637 1329 3687 Ed.
1351 3653 1455 3702 pr.;
1494 3637 1577 3687 die
1598 3637 1688 3685 Ed.
1706 3636 1783 3686 Li.
1802 3652 1849 3685 ιι.
1866 3636 1954 3685 Fa.
1972 3634 2170 3685 haben:
2206 3636 2511 3685 consulatus.

294 3808 343 3858 S.
382 3810 441 3857 47
480 3824 545 3857 zu
571 3807 665 3869 A.)
738 3808 789 3857 S.
826 3806 963 3860 auch
1000 3806 1188 3858 Chron.
1226 3808 1523 3858 Holtzatiae
1558 3821 1671 3872 cap.
1703 3811 1761 3855 46
1800 3823 1848 3871 p.
1872 3811 1983 3854 151.
2190 3804 2242 3865 5)
2281 3802 2513 3856 Νᾶὶιετθε

292 3891 330 3925 s.
367 3873 454 3925 bei
490 3875 737 3925 Corner
773 3874 838 3924 ad
877 3876 939 3924 A.
987 3879 1109 3925 1427
1151 3875 1205 3934 (l.
1243 3891 1287 3925 c.
1323 3891 1441 3940 pag.
1483 3880 1625 3923 1282.
1665 3873 1751 3934 83)
1789 3889 1838 3923 ιι.
1888 3875 1941 3923 in
1979 3872 2306 3924 Detmar's
2340 3872 2509 3923 Forte.

292 3941 363 4003 (a.
401 3958 444 3992 a.
484 3943 545 3994 O.
583 3944 634 3993 S.
673 3940 784 4005 47),
820 3943 953 3993 doch
1000 3945 1197 3993 stimmt
1241 3960 1296 3994 es
1330 3943 1478 3992 nicht
1512 3957 1646 4006 ganz
1685 3957 1750 3991 zu
1786 3940 1903 3991 dem
1939 3941 2133 4005 obigen
2169 3940 2396 4002 Bericht,
2431 3940 2509 3989 in—

291 4009 404 4059 dem
439 4026 543 4060 von
562 4010 721 4060 Wahl
758 4012 901 4060 eines
937 4025 1106 4061 neuen
1127 4010 1287 4061 Raths
1322 4010 1470 4060 nicht
1505 4009 1588 4059 die
1609 4009 1748 4059 Rede
1776 4010 1859 4072 ist,
1894 4008 2116 4059 sondern
2144 4024 2244 4057 nur
2275 4023 2380 4058 von
2402 4007 2509 4056 An-

290 4076 638 4142 forderungen
684 4077 776 4128 der
809 4078 1010 4142 Biirger
1057 4079 1165 4128 und
1213 4079 1453 4143 Zusagen
1498 4077 1588 4127 des
1633 4077 1820 4137 Raths,
1869 4077 2024 4127 deren
2068 4075 2350 4140 Erfiillung
2392 4074 2508 4125 sich

290 4145 372 4194 die
409 4145 821 4210 Biirgermeister
856 4144 1019 4196 durch
1056 4148 1383 4197 successives
1408 4145 1682 4195 Verlassen
1719 4144 1808 4193 der
1836 4143 1983 4194 stadt
2016 4149 2271 4207 entzogen
2307 4143 2506 4192 hatten.

291 4212 347 4273 6)
402 4214 478 4262 Im
531 4212 948 4273 Wesentlichen,
1003 4229 1102 4263 nur
1154 4214 1272 4264 dass
1318 4213 1399 4263 die
1446 4213 1561 4263 dem
1611 4212 1987 4261 Bekenntnisse
2035 4224 2505 4275 vorangegangene

292 4288 487 4330 tortura
534 4288 772 4329 consueta
820 4276 995 4340 (fmute
1040 4278 1149 4343 vin)
1198 4281 1509 4331 unerwiihnt
1554 4278 1746 4342 bleibt,
1803 4293 1936 4343 ganz
1983 4281 2080 4327 wic
2123 4278 2207 4328 bei
2257 4280 2505 4328 Corner

289 4363 334 4397 ιι.
372 4348 579 4400 Rufus
615 4348 678 4398 ad
714 4348 775 4397 A.
819 4352 943 4397 1428
984 4348 1039 4411 (1.
1078 4364 1121 4398 c.
1158 4365 1206 4416 p.
1248 4354 1375 4397 1283
1414 4364 1462 4398 ιι.
1501 4363 1545 4397 a.
1586 4363 1629 4397 a.
1669 4346 1730 4397 Ο.
1770 4347 1820 4396 S.
1860 4348 1995 4411 562).
