3158 5260
231 1669 295 1712 10

237 2189 293 2234 15

225 3202 310 3262 25'

1073 536 1298 592 PARS·
1339 539 1394 591 V.
1461 538 1599 593 Arm.
1650 535 1828 592 1482.
2442 532 2571 596 343

507 736 659 798 Item
707 736 895 801 XVII.
943 738 1116 816 Maji‚
1165 737 1317 799 hora
1349 737 1481 800 VII.
1531 745 1667 817 post
1713 736 2061 816 prandium,
2103 733 2229 822 [die
2273 733 2567 822 Veneris],

336 838 454 899 fuit
521 839 797 918 partialis
862 840 1007 901 solis
1087 840 1355 920 eclipsis,
1434 858 1628 921 quam
1706 840 2193 901 aestimaverunt
2269 840 2565 925 astrologi

334 940 681 1024 significare
727 943 1195 1015 mortalitatem,
1255 944 1363 1023 qui
1419 951 1629 1005 tamen
1693 942 1941 1023 saepius
1996 950 2259 1022 parcunt
2303 942 2564 1014 veritati,

333 1042 499 1104 unde
541 1041 691 1104 dicit
734 1044 1108 1114 PolicratuS,
1169 1051 1231 1105 et
1290 1050 1425 1124 post
1469 1064 1612 1106 eum
1660 1044 2030 1116 Rodoricus,
2076 1045 2398 1124 episcopus
2443 1044 2564 1106 Za-

335 1146 647 1216 morensiS,
690 1148 750 1207 in
784 1146 1048 1227 Speculo
1094 1147 1408 1209 humanae
1454 1147 1622 1209 vitae
1668 1165 1803 1227 cap.
1838 1146 2188 1218 XXXVIII,
2234 1146 2402 1228 quod
2448 1149 2565 1210 ista

334 1266 434 1310 ars
479 1255 571 1310 est
625 1248 936 1330 quaedam
993 1250 1329 1330 impietatis
1387 1249 1737 1330 disciplina,
1799 1251 1950 1331 quia
2004 1249 2066 1311 in
2124 1251 2563 1312 contumeliam

333 1349 627 1410 creatoris
673 1351 966 1435 astrologi
1014 1351 1275 1431 planetis
1319 1361 1381 1413 et
1408 1350 2088 1414 *constellationibus*⁸
2117 1358 2292 1414 actus
2339 1352 2564 1414 huma—

332 1471 440 1513 nos
493 1450 599 1531 [ab
646 1454 898 1515 arbitrio
944 1452 1385 1534 dependentes]
1439 1455 1821 1540 impingunt,
1876 1473 2017 1516 cum
2075 1465 2282 1515 tamen
2340 1474 2563 1516 secun-

332 1553 479 1615 dum
514 1555 969 1629 ptholomeum,
1015 1576 1234 1618 eorum
1267 1557 1653 1640 magistrum,
1697 1559 1941 1638 sapiens
1973 1556 2325 1619 dominetur
2355 1557 2562 1631 astris3

332 1656 527 1737 [unde
585 1657 842 1739 quidam
903 1658 1153 1720 illorum
1225 1659 1453 1720 habent
1511 1659 1853 1741 aliquando
1920 1679 2140 1722 uxores
2200 1658 2561 1739 impudicas,

331 1758 440 1840 qui
494 1765 702 1821 tamen
762 1780 882 1822 non
932 1761 1009 1822 de
1060 1762 1189 1823 suis
1237 1762 1556 1829 uxoribus,
1611 1762 1718 1825 sed
1774 1762 1852 1824 de
1907 1763 2175 1824 aliarum
2230 1762 2560 1823 mulierum

331 1860 719 1942 impudicitia
767 1860 1129 1925 coniectant.
1185 1864 1586 1944 ·Pompeius,
1644 1849 1897 1927 Crassus
1955 1871 2017 1926 et
2069 1864 2277 1926 Julius
2332 1863 2561 1926 Caesar

330 1964 408 2025 ab
453 1964 737 2027 omnibus
780 1967 910 2027 fere
954 1966 1435 2039 mathematicis,
1479 1967 1517 2028 i.
1564 1987 1617 2029 e.
1665 1956 2010 2051 astrologis
2054 1965 2367 2028 informati
2400 1972 2560 2038 sunt,

331 2066 500 2148 quod
548 2067 716 2129 claro
773 2071 894 2130 fine
949 2068 1011 2129 in
1068 2069 1321 2149 propria
1377 2076 1794 2140 morerentur,
1855 2073 2018 2132 ferro
2079 2075 2291 2131 tamen
2347 2087 2560 2130 omnes

329 2170 521 2241 caesi,
588 2169 843 2251 duoque
911 2190 984 2232 ex
1050 2170 1143 2232 his
1208 2172 1564 2255 longissime
1641 2173 1719 2234 ab
1777 2173 1991 2235 Ytalia
2052 2172 2361 2234 inhumati
2417 2177 2562 2233 sunt

329 2274 732 2354 ferarumque
775 2273 1080 2335 morsibus
1125 2274 1406 2353 expositi.
1497 2274 1619 2337 Sed
1674 2275 1796 2336 heu
1851 2278 1929 2337 ab
1976 2294 2193 2338 eorum
2239 2273 2561 2353 disciplina

328 2383 390 2437 et
444 2376 887 2461 prognosticisb
943 2396 1116 2439 mens
1173 2378 1450 2439 humana
1515 2380 1870 2440 futurorum
1927 2377 2115 2439 avida
2170 2376 2368 2438 averti
2438 2393 2559 2436 non

327 2479 475 2553 vult,
531 2497 674 2540 cum
719 2485 927 2542 tamen
972 2479 1154 2552 sciat,
1209 2478 1404 2562 quod,
1450 2479 1502 2540 si
1547 2481 1762 2563 aliquo
1807 2486 2034 2542 eventu
2078 2478 2324 2541 veritati
2370 2477 2559 2538 semel

327 2582 729 2664 applaudant,
774 2583 1002 2646 centies
1046 2583 1446 2656 mentiantur,
1492 2588 1563 2645 ut
1609 2583 1795 2646 latius
1833 2582 2107 2646 declarat
2148 2583 2365 2644 beatus
2399 2579 2559 2642 Gre-

325 2684 539 2768 gorius
603 2686 665 2747 in
733 2686 989 2748 bomilia
1052 2704 1239 2766 super
1304 2685 1410 2747 illo
1475 2685 1676 2746 Math.
1738 2685 1852 2748 IL:
1927 2686 2085 2747 Cum
2152 2690 2334 2747 natus
2403 2690 2560 2745 esset

327 2789 508 2849 Jesus
551 2787 614 2848 in
661 2788 1068 2870 Bethlehem.]
1098 2786 1142 2871 1)
1900 2782 1903 2789 s

499 2889 731 2952 Eodem
788 2910 952 2953 anno
1009 2891 1234 2954 cadens
1288 2890 1366 2953 de
1420 2891 1660 2953 caballo
1718 2910 1873 2952 uxor
1918 2888 2331 2952 Maximiliani
2386 2885 2561 2949 ducis

333 2994 731 3077 Burgundiae
789 3001 851 3056 ot
910 2995 1039 3057 filia
1095 2995 1312 3057 Karoli
1374 3013 1412 3057 a
1457 2994 1681 3057 Sueuis
1748 2993 1960 3066 occisi,
2029 3010 2172 3054 cum
2239 2994 2397 3051 esset
2461 2988 2561 3049 inc

327 3098 673 3171 venatione,
718 3098 998 3160 moritur.
1069 3098 1308 3180 [Homo
1342 3117 1483 3159 curn
1516 3098 1577 3159 in
1612 3096 1846 3159 bonore
1876 3102 2049 3168 esset,
2096 3114 2215 3156 uon
2246 3090 2560 3162 intellexit,

326 3207 389 3264 et
433 3219 554 3264 non
600 3199 768 3283 dedit
807 3200 1073 3284 gloriam
1119 3199 1287 3280 deo‚]
1316 3196 1362 3284 ²)

498 3301 732 3364 Eodem
778 3319 942 3363 anno
987 3301 1357 3364 Cristiernus
1401 3322 1507 3364 rex
1553 3301 1791 3364 Daciae
1832 3301 2119 3381 spiritum
2165 3298 2455 3360 ultimum
2501 3297 2561 3358 in

327 3402 851 3485 Kopenhauenis‘¹
882 3404 1131 3477 efflavit,
1181 3403 1371 3467 XXII.
1410 3405 1599 3481 Maii3
1645 3424 1768 3467 non
1814 3422 1955 3466 cum
2004 3421 2286 3464 moerore
2332 3401 2562 3463 multo-

327 3608 330 3615 ·
428 3593 486 3650 a)
521 3592 615 3642 Ed.
655 3609 756 3657 pn:
818 3593 1310 3643 constallacionibus.
1562 3592 1627 3656 b)
1684 3592 1802 3642 Alle
1846 3590 2159 3656 Ausgaben:
2206 3590 2564 3656 praenosticis.

523 3662 581 3720 c)
606 3659 699 3710 Ed.
713 3660 801 3710 Fa.
822 3660 1137 3712 ffilschlich:
1173 3660 1231 3710 id
1256 3667 1381 3712 statt
1399 3664 1469 3710 in.
1610 3661 1669 3719 d)
1704 3661 1796 3710 Ed.
1810 3660 1953 3710 Li.u.
1973 3659 2092 3709 Fa.:
2130 3655 2565 3725 Koppenhavenis.

329 3879 388 3941 2)
431 3876 502 3931 In‘
532 3879 860 3930 Detmar's
906 3879 1073 3930 Forts.
1122 3877 1201 3940 (S.
1242 3884 1355 3929 428.
1396 3877 1489 3942 29)
1537 3879 1698 3928 findet
1743 3878 1859 3929 sich
1907 3877 1998 3928 der
2033 3877 2148 3926 Tod
2196 3876 2288 3927 der
2333 3875 2563 3926 Tochter

328 3948 475 3999 Carls
519 3963 626 3997 von
666 3946 922 4012 Burgund
965 3946 1124 3996 dahin
1176 3947 1440 4010 erwahnt,
1486 3946 1608 3997 dass
1643 3961 1709 3995 an
1747 3947 1831 3996 die
1880 3945 2242 4010 Bemerkung,
2295 3943 2563 3994 letzterem

328 4017 508 4066 hatten
544 4016 628 4066 die
666 4014 936 4079 Astrologi
971 4015 1086 4065 sein
1123 4014 1398 4065 Schicksal
1438 4008 1848 4072 „btonofflcetet‘ss
1883 4014 2070 4079 gcfiigt
2103 4013 2251 4074 wird,
2286 4027 2395 4061 was
2430 4009 2564 4061 eben

328 4083 520 4135 vorher
557 4086 612 4135 in
648 4083 739 4133 der
763 4083 1000 4132 Chronik
1023 4098 1127 4133 von
1151 4083 1450 4148 Pompejus‚
1489 4083 1710 4132 Crassus
1746 4088 1844 4132 etc.
1880 4086 2070 4147 gesagt
2102 4080 2187 4142 ist,
2224 4079 2331 4130 und
2366 4078 2566 4140 hieran,

328 4168 431 4201 nur
474 4149 886 4213 ausfiihrlicher‚
936 4150 1050 4201 sich
1100 4149 1183 4200 die
1230 4152 1570 4214 Aeusscrung
1630 4149 1720 4199 des
1765 4150 2101 4199 Ptolemaeus
2149 4147 2418 4208 schliesst,
2477 4145 2568 4195 der

330 4220 444 4269 hier
491 4217 569 4268 als
641 4219 724 4274 „be
793 4214 938 4266 horne
1002 4217 1080 4267 bet
1135 4215 1310 4274 rechten
1367 4212 1746 4276 astronomim‘ss
1811 4217 1937 4267 aber
2010 4215 2255 4285 zugleich
2324 4214 2402 4265 als
2478 4213 2569 4269 der

333 4282 584 4353 „fonpngly
626 4294 721 4337 van
757 4282 976 4350 egiptetw
1013 4284 1327 4340 bezeichuet
1359 4284 1503 4337 wird.
