3158 5260
178 1700 240 1743 10

175 2613 236 2668 ‘15

173 3146 235 3188 20

1038 565 1241 619 PARS
1296 568 1356 621 V.
1421 567 1561 620 Ama.
1607 564 1778 621 1481.
2382 557 2510 624 335

283 760 607 824 hominum
653 781 849 845 genus
883 765 1163 844 pluribus
1198 766 1518 828 consuevit
1545 765 1850 845 implicari
1885 765 2064 827 vitiis.
2140 765 2284 827 Ideo
2327 783 2507 827 nemo

280 864 542 927 feliciter
587 864 822 928 audeat
865 866 1097 930 diutius
1145 869 1450 931 incuriis
1495 869 1846 930 conversari
1893 868 2259 949 principum.
2348 867 2508 930 Nam

281 965 506 1028 Petrus
550 971 885 1048 apostoluS,
931 990 1124 1052 quam
1172 973 1293 1034 cito
1339 972 1508 1034 venit
1549 972 1610 1034 in
1659 972 1890 1033 atrium
1938 971 2253 1051 principiS,
2300 971 2510 1034 multi*

281 1069 519 1147 pliciter
564 1073 860 1151 peccavit.
950 1074 1233 1136 Mathaei
1277 1074 1521 1156 XXVL]
1551 1071 1646 1158 ¹).ss

450 1171 685 1236 Eadem
732 1182 973 1237 aestate
1015 1177 1266 1257 spiritus
1313 1183 1533 1238 exutus
1589 1176 1915 1238 cuiusdam
1958 1175 2107 1236 civis
2149 1175 2508 1237 Lubicensis

280 1271 579 1337 honestae
639 1280 1121 1341 conversationis
1176 1280 1240 1341 in
1296 1280 1504 1359 platea
1549 1279 1913 1340 Brunstrate
1967 1277 2133 1339 dicta
2182 1295 2370 1357 saepe
2414 1277 2509 1338 vi-

280 1376 452 1438 cibus
498 1381 790 1460 apparuit
843 1382 1095 1444 relictae
1137 1401 1291 1444 suae
1336 1389 1397 1444 et
1441 1382 1791 1443 domesticis
1835 1381 1989 1454 suis,
2033 1380 2386 1442 desiderans
2428 1380 2509 1441 ab

278 1480 366 1541 eis
413 1483 936 1566 peregrinationes
982 1486 1216 1566 perfici,
1259 1485 1566 1557 revelanS,
1613 1483 1782 1565 quod
1828 1484 2018 1545 etiam
2065 1483 2338 1563 piissima
2383 1482 2510 1544 ele-

279 1601 534 1663 mosyna
569 1605 691 1647 non
712 1582 1051 1666 *prodest*,
1081 1585 1192 1646 nisi
1228 1587 1335 1646 flat
1359 1584 1436 1646 de
1460 1585 1637 1646 iustis
1669 1585 1867 1660 bonis3
1905 1582 2170 1646 *adiecit
2199 1582 2509 1666 quoque*,

280 1686 448 1765 quod
495 1688 675 1748 multi
722 1688 1166 1749 testamentarii
1219 1687 1815 1750 condemnabuntur
1855 1706 1963 1767 pro
2018 1706 2194 1748 mora
2246 1695 2307 1747 et
2352 1686 2508 1748 obli-

278 1789 521 1868 quitate
565 1810 697 1854 sua.
770 1791 1008 1852 Relicta
1054 1809 1200 1852 vero
1247 1791 1380 1851 eius
1425 1788 1611 1852 *vota
1656 1788 1901 1870 ipsius*,
1946 1809 2087 1852 cum
2136 1789 2343 1850 multis
2389 1790 2507 1850 im-

278 1893 493 1971 plevit3
538 1893 678 1956 ideo
724 1892 940 1974 depost
985 1912 1107 1955 non
1154 1894 1505 1973 comparuit
1527 1895 1595 1970 2).

445 2407 621 2494 Anno
667 2403 903 2480 eodem,
949 2405 1255 2487 Gregorii,
1301 2403 1556 2486 quidam
1602 2403 2194 2485 Gripiswoldenses⁸
2245 2406 2305 2467 in
2360 2425 2505 2467 coe*

275 2508 517 2569 miterio
606 2501 854 2592 [digne]
938 2506 1297 2587 lapidabant
1366 2509 1725 2589 episcopum
1801 2526 1984 2569 suum
2054 2508 2502 2582 Caminensem‚

278 2605 417 2695 [qui
463 2611 583 2673 suit
629 2611 715 2673 eis
759 2612 1033 2673 intrusus
1080 2630 1188 2692 per
1236 2607 1520 2698 papam}
1611 2611 1758 2675 Fuit
1802 2613 1964 2674 enim
2022 2611 2237 2674 diebus
2290 2612 2502 2692 priscis

272 2714 515 2797 legatus
559 2713 1087 2798 indulgentiarum
1125 2716 1188 2776 in
1225 2715 1504 2787 Daciam,
1550 2714 1844 2780 Sueciam
1889 2722 1950 2776 et
1988 2715 2393 2788 Holtzaciam,
2438 2722 2502 2776 et

273 2818 430 2879 miro
476 2816 662 2878 modo
697 2818 1079 2897 explumavit
1122 2818 1419 2898 populum
1463 2811 1798 2901 [Dominiln
1846 2827 1980 2880 erat
2029 2819 2189 2880 enim
2238 2819 2501 2880 insatia-

273 2920 406 2980 bilis
442 2938 695 3004 vorago,
744 2926 813 2982 ut
843 2920 1076 2981 dictum
1116 2926 1208 2981 est
1240 2915 1476 3004 supra}
1540 2921 1983 2999 Baptisabatur
2017 2922 2180 2982 enim
2217 2921 2501 2984 Marinus

274 3023 350 3085 de
365 3023 672 3105 Frageno,
691 3021 977 3096 *Italus*,
996 3030 1058 3084 et
1088 3022 1405 3084 anhelavit
1432 3041 1505 3084 ex
1533 3022 1892 3102 episcopatu
1922 3023 2001 3085 ad
2032 3023 2500 3097 cardinalatum,

274 3145 346 3187 eo
405 3126 575 3206 quod
638 3144 837 3205 papae
896 3142 1118 3186 manus
1179 3120 1463 3206 pecuunia
1507 3123 2036 3209 indulgentiarum
2077 3124 2095 3209 lj
2134 3127 2496 3207 repleverat.

274 3228 394 3302 Qui
457 3229 605 3290 dum
667 3229 879 3289 urbem
942 3235 1247 3289 remearet
1303 3227 1681 3300 Romanam,
1748 3234 2002 3290 acturus
2061 3236 2276 3290 contra
2318 3248 2497 3291 suam

269 3329 602 3403 diocesim,
636 3330 783 3390 dum
833 3329 1065 3392 diutius
1110 3339 1268 3392 esset
1311 3329 1871 3411 *litispendentia*,
1933 3331 2034 3392 die
2080 3336 2300 3391 octava
2345 3332 2495 3392 Julii

267 3453 408 3494 cum
470 3452 770 3495 moerore-
811 3434 1096 3512 spiritum
1157 3429 1241 3517 [in
1301 3428 1479 3518 urbe]
1538 3434 1805 3505 efflavit,
1872 3441 1933 3494 et
1998 3432 2284 3494 Astrothc
2329 3439 2497 3495 tenet

266 3553 426 3607 eum,
474 3536 618 3597 fecit
662 3536 824 3597 enim
874 3553 1166 3620 magnam
1213 3555 1328 3598 sua
1373 3537 1433 3599 in
1482 3537 1708 3599 diocesi
1757 3528 2197 3616 partialitatem
2223 3531 2290 3616 ⁸).

464 3758 524 3820 c)
563 3759 654 3809 Ed.
695 3759 825 3827 Li.u.
865 3759 978 3808 Fa:
1025 3758 1287 3809 Astaroth.

257 3983 387 4034 litast
442 3981 556 4033 sich
618 3979 970 4032 Detmar’s
1019 3981 1183 4031 Forte.
1236 3978 1319 4041 (S.
1370 3986 1481 4030 423.
1536 3981 1629 4038 24)
1678 3980 1768 4032 des
1826 3981 2069 4032 Nahcren
2122 3981 2253 4032 iiber
2308 3982 2494 4034 deenen

256 4049 597 4101 Ablasskram
634 4049 742 4098 und
778 4048 909 4098 iiber
945 4048 1027 4097 die
1064 4063 1128 4096 an
1170 4050 1314 4097 scine
1354 4048 1676 4113 Ernennuug
1713 4065 1829 4098 zum
1862 4050 2086 4099 Bischof
2116 4065 2220 4099 von
2255 4049 2493 4100 Cammiu

255 4118 368 4169 sich
407 4116 746 4183 kniipsenden
785 4116 1180 4181 Streitigkeiten
1217 4117 1314 4164 mit
1349 4115 1440 4165 der
1477 4117 1698 4166 Clerisei
1736 4132 1844 4178 auS,
1882 4133 2070 4167 wovon
2109 4119 2163 4166 in
2204 4117 2294 4167 der
2328 4118 2491 4166 Chro-

254 4187 343 4236 nik
373 4186 558 4236 Nichts
587 4186 701 4235 sich
724 4184 895 4234 findet.
951 4186 1067 4232 Den
1092 4183 1207 4233 'Poll
1238 4184 1329 4233 des
1354 4184 1607 4245 Marinus,
1647 4186 1761 4241 „bes
1798 4181 2091 4250 glyptmegeu
2132 4187 2212 4239 beo
2248 4181 2491 4244 bubessben

254 4250 434 4315 salvet&
471 4253 592 4302 nube
630 4249 855 4317 golbeffl„
905 4251 1161 4302 bericbtet
1210 4252 1559 4302 Detmar's
1611 4253 1773 4301 For-ts,
1828 4260 1935 4303 erst
1982 4269 2098 4303 zum
2138 4252 2356 4303 Schluss
2401 4252 2492 4303 des

251 4322 440 4371 Jahres
482 4327 609 4370 1482
646 4328 719 4377 (a.
758 4335 803 4369 a.
843 4320 902 4371 Ο.
944 4322 992 4370 S.
1035 4325 1144 4368 432.
1185 4320 1294 4380 33).

2528 1056 2657 1119 Fol.
2683 1053 2810 1124 34⁶·

2552 3127 2599 3177 p.
2639 3116 2751 3160 241.

2534 3196 2583 3244 p.
2622 3176 2748 3228 266.
