3158 5260
413 2369 523 2418 Fol.
560 2369 625 2417 1⁸·

431 2436 530 2488 col.
570 2443 611 2485 1.

647 475 784 584 ’372

1488 1529 2053 1670 Anhang.

665 1879 712 1941 1.
786 1878 1080 1960 Legende
1125 1878 1275 1938 iiber
1321 1877 1420 1938 die
1464 1883 1664 1939 ersten
1710 1877 2017 1955 Martyrer
2061 1874 2170 1936 der
2216 1876 2609 1958 Hamburger
2650 1876 2906 1948 Kirche,

791 1964 965 2025 nebst
1008 1962 1343 2025 Nachricht
1385 1963 1536 2024 iiber
1582 1962 1681 2023 die
1728 1960 2077 2047 Grundung
2130 1960 2237 2023 der
2280 1962 2567 2023 letzteren
2614 1961 2745 2023 und
2795 1961 2907 2024 des

794 2049 1108 2111 Bisthums
1157 2049 1435 2111 Bremen.
1614 2077 1618 2081 ·

906 2200 1047 2250 (Nach
1077 2201 1195 2239 einer
1226 2198 1574 2250 copenhagener
1600 2198 1888 2240 Handschrift
1915 2209 1994 2239 aus
2023 2199 2123 2238 dem
2148 2196 2275 2237 Ende
2302 2196 2379 2238 des
2407 2192 2533 2238 15ten
2562 2196 2670 2237 oder

1368 2251 1545 2300 Antang
1572 2252 1651 2290 des
1680 2248 1807 2293 16ten
1833 2249 2191 2294 Jahrhuuderts.)

805 2378 845 2423 l.
918 2371 1070 2423 Anno
1110 2374 1328 2423 Domini
1364 2379 1455 2423 801
1490 2412 1503 2436 ‚
1551 2389 1674 2423 cum
1720 2374 1824 2422 iam
1859 2368 2103 2436 Kalrolus
2148 2385 2305 2437 super
2349 2370 2583 2420 Francos
2628 2378 2906 2434 regnasset

668 2442 828 2492 annis,
864 2447 954 2503 33,
1006 2443 1178 2492 factus
1223 2450 1303 2493 est
1351 2437 1722 2507 Rolmanorum
1771 2457 1865 2491 rex
1906 2456 1935 2488 a
1977 2439 2126 2490 «Julio
2173 2443 2250 2487 74.
2295 2438 2474 2501 (sicl);
2525 2443 2577 2488 et
2619 2438 2905 2503 imperavit

668 2504 849 2573 annis}
886 2514 973 2571 14,
1017 2525 1194 2560 mense
1229 2526 1360 2573 vno,
1404 2509 1592 2561 diebus
1628 2518 1683 2572 4,
1719 2514 1770 2558 et
1803 2510 1911 2559 fere
1948 2507 2155 2557 infinita
2188 2506 2329 2555 bona
2363 2502 2370 2570 Ι
2406 2505 2532 2555 fecit
2566 2505 2620 2553 in
2657 2505 2905 2556 christia-

665 2578 843 2640 nitate,
867 2582 920 2627 et
944 2578 1243 2642 praesertim
1273 2579 1327 2627 in
1357 2577 1595 2644 partibus
1619 2573 2052 2642 occildentalibus
2077 2581 2129 2626 et
2156 2574 2472 2636 borealibus,
2497 2577 2557 2622 ut
2578 2578 2722 2639 patet
2745 2573 2800 2622 li.
2818 2579 2902 2623 24.

666 2641 886 2713 spelculi
916 2646 1205 2696 historialis
1233 2661 1345 2711 cap.
1375 2653 1415 2696 1.
1449 2652 1501 2696 et
1528 2647 1677 2695 infra.
1727 2645 1842 2707 Quo
1870 2647 1923 2694 in
1954 2644 2162 2695 Christo
2191 2648 2396 2693 mortuo
2422 2637 2430 2707 1
2462 2643 2805 2706 Aquisgrani,
2836 2643 2901 2691 V.

667 2714 931 2765 Kalendas
967 2713 1266 2775 Februarii,
1314 2730 1449 2764 anno
1487 2709 1693 2777 aetaltis
1737 2729 1862 2762 suae
1906 2713 2116 2762 circiter
2155 2717 2258 2775 71.,
2306 2710 2645 2761 hludowicus
2717 2711 2905 2770 rimus,

666 2777 1030 2847 cognolmento
1066 2782 1202 2846 pius,
1238 2782 1515 2848 imperium
1551 2782 1785 2846 accepit,
1821 2780 1963 2831 filius
1999 2780 2236 2830 eiusdem
2264 2778 2449 2828 Karoli
2485 2785 2538 2828 et
2571 2793 2665 2827 rex
2729 2777 2904 2842 Aqui-

666 2851 863 2911 taniae,
907 2865 1043 2898 anno
1080 2850 1296 2899 Domini
1334 2855 1477 2911 814„
1525 2855 1579 2898 et
1625 2849 1776 2898 annis
1811 2853 1874 2896 26
1910 2842 2231 2912 imperavitl,
2281 2862 2385 2897 non
2438 2853 2609 2895 tamen
2645 2845 2901 2913 totaliter.

669 2916 785 2978 Quo
822 2918 878 2965 in
913 2916 1119 2966 Christo
1158 2922 1392 2979 mortuo,
1436 2911 1708 2981 succeslsit
1745 2917 1793 2966 ei
1827 2915 1969 2966 filius
2006 2916 2119 2965 eius
2154 2914 2446 2975 Llotarius,
2479 2913 2571 2977 qui
2606 2913 2706 2962 XV
2743 2913 2901 2963 annis

666 2979 972 3049 imperavit!
1037 2985 1165 3034 Post
1191 3001 1363 3049 quem
1410 2984 1727 3035 Lodowicus
1763 2981 1913 3045 2⁶⁰⁸·,
1949 2983 2091 3033 filius
2127 2983 2268 3045 eius,
2305 2997 2442 3030 anno
2480 2974 2720 3046 Domini}
2766 2986 2903 3042 856„

668 3058 720 3101 et
763 3065 881 3100 cum
928 3053 1085 3100 fratre
1132 3068 1229 3102 suo
1279 3053 1560 3113 Lothari0,
1608 3054 1713 3102 iam
1762 3052 2020 3101 monacho
2053 3045 2061 3114 Ι
2093 3050 2261 3110 facto,
2308 3049 2458 3098 annis
2497 3052 2556 3096 19
2595 3048 2899 3113 imperavit.

667 3119 841 3168 Huius
876 3119 1079 3179 diebus,
1115 3120 1171 3168 in
1207 3119 1519 3170 Germaniae
1552 3116 1559 3185 Ι
1592 3119 1787 3170 finibus
1823 3118 2016 3169 Christi
2052 3117 2278 3169 ecclesia
2312 3131 2489 3167 sacrae
2524 3114 2646 3165 fidei
2681 3114 2900 3165 novello

667 3186 900 3250 germine
937 3182 1274 3251 pullulante,l
1311 3204 1469 3252 quam
1505 3193 1718 3239 sanctus
1752 3186 1979 3237 Karolus
2014 3201 2234 3249 magnus
2268 3200 2361 3250 per
2405 3199 2460 3234 se
2507 3188 2559 3233 et
2593 3198 2745 3244 suos,
2780 3182 2901 3232 Deo

667 3255 837 3315 dante,
882 3249 889 3318 Ι
928 3252 1209 3319 plantavit,
1266 3255 1473 3306 Sclauis
1518 3263 1691 3305 tamen
1746 3261 1888 3305 trans
1945 3253 2167 3303 Albcam
2222 3253 2282 3302 de
2343 3246 2784 3315 Hammenffburg,
2832 3250 2900 3300 de

665 3320 1001 3386 Louenburg,
1037 3321 1100 3372 de
1128 3322 1458 3387 Ratzisburg,
1483 3319 1490 3387 Ι
1511 3322 1574 3372 de
1609 3323 1791 3387 Stetyn
1828 3329 1880 3371 et
1909 3320 2225 3385 Stargardia,
2260 3322 2314 3369 in
2352 3325 2492 3369 terra
2521 3313 2900 3384 Wagirolrum,

666 3390 719 3438 in
755 3388 1073 3454 Oldenborg,
1109 3390 1199 3454 qui
1235 3391 1373 3440 inter
1406 3407 1461 3440 se
1498 3390 1813 3440 concordiae
1848 3388 2075 3453 foejdera
2108 3389 2441 3450 iuraverunt,
2476 3386 2754 3436 ecclesiam
2792 3385 2900 3435 Dei

667 3457 798 3507 miro
845 3457 1000 3506 modo
1044 3458 1051 3521 Ι
1092 3457 1555 3523 pc1·sequentibu5‚
1613 3457 1740 3520 quia
1785 3463 2015 3521 agrestes
2066 3457 2373 3518 ferocesque
2425 3449 2720 3518 exltiterant
2771 3468 2897 3504 cum

666 3525 775 3575 suis
810 3525 995 3574 castris
1031 3531 1081 3574 et
1117 3525 1325 3590 oppidis
1371 3520 1740 3590 interlmediis3
1785 3526 1902 3575 istis
1938 3523 2125 3574 diebus
2163 3529 2310 3571 erant
2345 3523 2401 3572 in
2438 3520 2717 3583 Hamburg
2753 3516 2897 3586 duo!

666 3597 836 3642 castra
868 3592 1178 3654 fortissima,
1214 3609 1376 3642 vnum
1411 3609 1595 3644 versus
1633 3591 1845 3643 boream
1880 3593 1935 3642 in
1973 3606 2064 3640 ora
2097 3585 2105 3656 Ι
2142 3590 2316 3654 stagni
2350 3590 2602 3651 Alstriae,
2639 3588 2782 3638 aliud
2829 3589 2900 3638 ad

668 3665 919 3722 austrum,
955 3659 1049 3709 ubi
1085 3655 1256 3725 nunc}
1291 3666 1368 3710 est
1404 3660 1634 3710 ecclesia
1667 3659 1850 3710 beatae
1886 3660 2082 3708 Msu‘iac
2116 3657 2368 3722 Virginis,
2404 3672 2627 3721 quorum
2663 3652 2895 3720 quidam!

665 3728 876 3789 gentilis
928 3727 1151 3778 Sclavus
1208 3744 1523 3792 generosuS,
1572 3729 1786 3777 nomine
1835 3725 2058 3789 Baruth,
2108 3724 2215 3774 dux
2250 3723 2258 3788 Ι
2288 3732 2340 3774 et
2387 3738 2653 3788 possessor
2701 3723 2899 3772 extitit.

666 3794 829 3844 Cuius
893 3811 1027 3844 uxor
1091 3795 1293 3845 Herina
1335 3790 1343 3860 Ι
1398 3797 1708 3861 tyrannicae
1761 3795 2037 3860 pravitatis
2104 3791 2315 3841 alumna
2376 3798 2513 3854 erat,
2565 3805 2697 3855 quae
2754 3785 2901 3855 fildei

666 3862 957 3912 catholicae
993 3861 1301 3926 simpliciter
1342 3879 1398 3914 sc
1450 3863 1723 3929 opposuit,
1774 3858 1857 3927 et}
1897 3861 2253 3912 beatissimam
2291 3859 2564 3924 Virginem
2598 3859 2711 3908 sine
2748 3858 2899 3910 virili

666 3929 863 3979 semine
910 3925 1230 3995 concepiisse
1281 3937 1332 3981 et
1374 3932 1634 3996 virginem
1684 3935 1804 3995 post
1846 3934 2052 3995 partum
2107 3928 2467 3976 intemeratam
2513 3921 2900 3992 perlmansisse,

659 3995 938 4046 infideliter
973 3998 1218 4062 negavit,
1254 4000 1380 4062 quia
1413 4000 1515 4049 hoo
1549 3994 1557 4064 Ι
1593 3999 1672 4049 sic
1707 3998 1819 4048 fieri
1856 3997 1958 4048 diis
1994 4000 2046 4045 et
2078 3994 2384 4045 homiuibus
2421 3992 2745 4059 impossibile
2780 3989 2899 4045 esse

660 4058 910 4129 latravit}
985 4063 1150 4116 Cuius
1199 4082 1386 4117 ausum
1433 4066 1766 4117 temerarium
1815 4070 1869 4115 et
1913 4068 2138 4113 mentem
2172 4062 2485 4128 sacrilegam
2535 4056 2722 4123 nauel,
2772 4061 2899 4112 aliis

661 4131 948 4182 incredulis
1005 4132 1223 4183 ultionis
1290 4134 1345 4183 in
1404 4134 1730 4200 exemplum,
1789 4134 1867 4183 sic
1920 4125 2248 4197 prostralvit:
2316 4129 2572 4195 Concepit
2626 4129 2769 4178 enim
2828 4136 2899 4190 et,

660 4204 846 4248 natura
871 4206 1110 4265 negante,
1146 4195 1478 4266 concepltum
1506 4201 1562 4251 in
1598 4206 1760 4263 utero,
1797 4199 1948 4264 gravi
1970 4197 2241 4262 languore,
2275 4197 2484 4248 duobus
2520 4196 2670 4246 annis
2695 4191 2898 4259 geslsit.

662 4266 853 4317 Postea
897 4274 1044 4318 utero
1106 4267 1335 4333 dirupto,
1380 4269 1521 4319 vitae
1566 4264 1835 4334 terlminos
1898 4265 2187 4325 conclusit,
2242 4269 2512 4329 morteque
2570 4264 2899 4326 amarissima

664 4328 851 4397 fillium
884 4334 1184 4407 bicipitem,
1207 4333 1508 4407 loquentem
1531 4342 1584 4395 et
1617 4335 1973 4391 ambulantem
2009 4332 2270 4407 profudit3
2296 4329 2305 4397 Ι
2336 4333 2491 4389 cuius
2526 4346 2711 4388 manus
2745 4338 2899 4388 etant
