3158 5260
1008 554 1212 614 PARS
1268 557 1326 610 V.
1391 556 1529 609 Arm.
1571 540 1753 611 1482.
2373 545 2497 612 851

447 750 585 813 Istis
641 751 856 816 diebus
909 754 1175 818 vicissim
1246 754 1487 817 fortiter
1545 754 1909 838 pugnabant
1964 752 2328 814 Fredericus
2387 751 2499 813 III.

279 853 614 934 imperator
660 860 721 917 et
750 856 1025 920 Mathias
1069 878 1174 920 rex
1211 857 1517 942 Vngariae
1544 855 1690 918 'sive
1721 856 2109 932 Pannoniae3
2156 874 2268 916 nec
2311 853 2498 938 vulgo

281 961 496 1018 notum
543 957 677 1030 fuit,
723 957 874 1037 quid
922 959 1151 1022 directe
1194 959 1591 1023 intendebant
1615 956 1680 1042 ¹).

446 1058 679 1121 Eodem
746 1080 938 1135 anno,
994 1062 1424 1142 Conceptionis
1477 1060 1751 1132 Mariae,
1811 1059 2168 1122 diaetabant
2218 1058 2344 1121 dux
2386 1060 2500 1121 Jo-

212 1169 241 1213 5
277 1159 509 1223 hannes
553 1161 631 1225 de
675 1163 1083 1227 Louenborch
1137 1172 1198 1227 et
1252 1165 1547 1228 civitates
1587 1164 1647 1224 in
1693 1161 2129 1238 Matienwold3
2185 1170 2245 1225 et
2300 1162 2502 1241 coepit

279 1261 403 1324 dux
446 1284 593 1326 suos
638 1285 932 1329 excusare
978 1269 1269 1341 vasallos,
1327 1268 1504 1349 quasi
1559 1267 1810 1350 ignaros
1855 1264 2124 1345 praedae
2166 1281 2497 1325 vaccarum

278 1371 422 1427 ante
458 1366 688 1431 Molne.
769 1369 945 1431 Metu
987 1372 1149 1433 enim
1186 1370 1550 1433 dimiserunt
1582 1369 1992 1432 habitationes
2027 1386 2190 1440 suaS,
2236 1386 2313 1429 ne
2342 1372 2502 1428 tem-

265 1469 426 1548 'pore
483 1470 678 1532 noctis
743 1472 1156 1535 excitarentur
1220 1472 1498 1552 exemplo
1559 1471 1914 1534 Lutzowen.
2004 1465 2326 1555 [Conscius
2368 1468 2500 1549 ipse

275 1570 390 1632 sibi
433 1569 512 1633 de
552 1592 619 1634 se
663 1578 842 1653 putat
885 1569 1056 1660 etc.⁸]
1079 1572 1126 1658 ²)

181 1682 241 1726 ¹0
444 1673 601 1736 Item
646 1677 844 1740 altera
889 1677 990 1741 die
1035 1678 1301 1741 Simonis
1348 1683 1411 1739 et
1450 1677 1656 1740 Judae
1699 1677 2015 1739 diaetabat
2057 1676 2329 1761 Magnus
2374 1673 2499 1736 dux

275 1774 779 1890 Magnopolensis
835 1800 975 1843 cum
1022 1778 1481 1866 Lubillccnsibus
1538 1781 1601 1841 in
1647 1779 1911 1860 Slukop,
1967 1798 2039 1841 eo
2088 1778 2255 1860 quod
2302 1777 2495 1840 Hart-
2540 1794 2589 1844 P·
2628 1777 2755 1831 269.

275 1871 500 1940 wicum
559 1869 941 1946 Lutzouwen
1002 1891 1280 1965 tempore
1339 1884 1532 1945 noctis
1590 1883 1724 1945 sine
1790 1882 2322 1963 praeavisamento
2390 1887 2493 1942 tu-

275 1979 482 2043 lissent
543 1982 620 2045 de
664 1985 919 2066 praedio
974 1994 1035 2049 et
1086 1987 1243 2050 lecto
1304 2006 1447 2061 suo,
1505 1987 1680 2048 iuxta
1748 1984 2072 2069 privilegia
2129 1982 2493 2064 imperialia,

277 2101 439 2164 quae
492 2092 699 2149 tamen
760 2087 902 2151 duci
962 2110 1037 2152 eo
1095 2096 1244 2152 tunc
1306 2109 1427 2152 non
1487 2090 1740 2151 fuerunt
1810 2105 2105 2172 congrua.
2206 2084 2494 2147 Cucurrit

179 2193 236 2239 ¹5
275 2187 436 2248 enim
483 2192 828 2252 communis
873 2193 1142 2272 populus
1185 2192 1343 2254 miro
1389 2190 1574 2253 modo
1631 2192 1691 2253 in
1738 2190 2000 2271 Slukop,
2059 2207 2181 2251 non
2235 2193 2493 2249 vocatus

271 2287 388 2349 isto
422 2288 539 2352 die.
618 2292 986 2356 Postulabat
1018 2294 1182 2355 enim
1216 2294 1340 2355 dux
1374 2293 1759 2355 vinculatum
1788 2291 2191 2363 Hartwicum,
2226 2288 2333 2351 sed
2373 2288 2492 2350 mi-

271 2390 438 2452 nime
498 2393 777 2454 obtinuit.
879 2393 1326 2474 {Discesserunt
1384 2412 1532 2476 ergo
1594 2393 1671 2454 ab
1736 2392 1998 2454 invicem
2056 2393 2169 2454 sub
2227 2389 2491 2453 foederis

270 2494 612 2578 ambiguo]
630 2494 677 2581 ³)
692 2494 709 2581 ΙΙ
2518 2495 2649 2582 Fol:
2672 2503 2792 2564 36⁰»

440 2597 596 2661 Item
641 2594 728 2685 [in
776 2595 1022 2687 octava]
1064 2598 1321 2662 Martini
1367 2605 1502 2662 erat
1547 2597 1755 2662 diaeta
1801 2599 2165 2662 universalis
2191 2584 2492 2681 '‘patriae

167 2712 233 2757 20
271 2705 332 2760 et
399 2699 788 2774 civitatum*,
854 2702 916 2764 in
986 2702 1235 2775 Kilone,
1303 2702 1382 2765 ad
1452 2702 1828 2784 quindenam
1896 2705 2227 2784 protelata,
2284 2710 2345 2766 et
2407 2704 2490 2765 ibi

270 2801 447 2864 electi
508 2810 652 2866 sunt
722 2805 783 2866 in
836 2811 1040 2868 terrae
1098 2804 1378 2868 dominos
1438 2805 1781 2877 Johannes,
1852 2805 2013 2868 filius
2071 2806 2233 2891 regis
2314 2805 2493 2868 Chri-

268 2903 547 2978 stiernib,
592 2925 733 2967 cum
779 2908 969 2969 fratre
1010 2927 1126 2970 suo
1171 2907 1526 2979 FredericO,
1570 2906 1793 2969 *salvis
1840 2908 2174 2992 privilegiis
2216 2907 2491 2991 sigillan-

268 3004 399 3068 dis*
442 3007 699 3070 militiae
743 3014 805 3070 et
848 3009 1218 3072 civitatibus
1287 3008 1521 3072 Ibidem
1566 3008 1821 3071 amicati
1865 3015 2008 3072 sunt
2051 3009 2214 3072 idem
2248 3009 2488 3072 Johan-

268 3097 373 3170 nes
418 3103 602 3194 [filius
646 3105 857 3196 regis],
916 3111 1190 3173 nondum
1251 3132 1355 3174 rex
1408 3112 1647 3174 Daxiae
1709 3112 1967 3185 electu5‚
2023 3107 2109 3197 [et
2161 3112 2268 3174 filii
2314 3113 2489 3174 Hen-

165 3223 230 3266 25
268 3205 507 3295 ninghi]
550 3211 1108 3296 Pogghewischen,
1156 3213 1217 3274 in
1263 3216 1476 3288 finem,
1521 3221 1594 3274 ut
1617 3206 1816 3276 'certis
1860 3214 2137 3276 terminis
2181 3213 2357 3276 daret
2399 3215 2486 3276 eis

263 3311 429 3374 idem
474 3313 788 3376 Johannes
831 3314 1292 3377 XXX1.·1ninia
1348 3334 1700 3377 marcarum
1747 3334 1875 3378 una
1919 3335 2059 3377 cum
2106 3315 2486 3397 possessione
2567 3384 2573 3389 ,

271 3415 508 3489 Verwe,
553 3411 770 3501 [quam
815 3427 1197 3499 acceperant.
1290 3418 1410 3481 Sed
1465 3419 1670 3481 subtili
1718 3419 1964 3504 ingenio
2011 3436 2236 3481 aurum
2283 3425 2487 3480 extor-
2560 3460 2563 3467 „

265 3523 490 3598 quetur
536 3535 575 3578 a
620 3514 937 3603 barbaris}
1042 3519 1339 3582 Causavit
1404 3520 1566 3581 enim
1637 3525 1850 3581 contra
1915 3538 2019 3581 eos
2082 3536 2187 3582 rex
2257 3519 2486 3600 depost,

262 3625 325 3681 et
370 3620 680 3682 recusavit
722 3623 1050 3702 pecuniam
1077 3621 1265 3685 dare.

363 3771 418 3835 a)
458 3775 528 3825 So
550 3774 644 3826 Ed.
669 3775 748 3825 Li.
762 3793 813 3826 u.
834 3776 951 3837 Fa.;
985 3777 1042 3827 in
1072 3776 1163 3827 der
1187 3776 1281 3826 Ed.
1307 3793 1380 3843 pr.
1407 3775 1546 3828 steht
1569 3792 1671 3827 nur
1695 3792 1796 3844 pu,
1832 3774 1968 3826 ohne
2005 3774 2365 3841 angebangtes
2398 3782 2487 3825 etc.

465 3841 525 3903 b)
560 3843 654 3894 Ed.
691 3859 795 3909 pn:
830 3845 1044 3912 xp'ierni.

261 4029 386 4093 den,
434 4029 555 4080 dass
591 4031 688 4079 mit
724 4029 883 4080 ihnen
920 4029 1216 4094 gescheben
1253 4030 1409 4093 solle,
1459 4026 1570 4087 „cdd
1609 4036 1696 4093 ebn
1732 4024 1850 4089 recht
1886 4029 2063 4091 tumst,
2112 4027 2353 4078 schliesst
2398 4026 2483 4078 die

217 4099 608 4162 Fortsetzung
642 4098 734 4147 der
768 4098 1033 4148 Detmar
1044 4097 1220 4148 'sehon
1262 4098 1495 4157 Chionik
1532 4114 1653 4147 zum
1683 4096 1845 4146 Jahre
1871 4101 2013 4156 1482,
2050 4095 2157 4145 und
2191 4095 2484 4160 iiberhaupt

260 4165 416 4216 deren
452 4167 665 4215 zwciter
700 4164 868 4214 Theil.
1075 4170 1128 4226 3⁸
1167 4167 1226 4214 In
1264 4165 1556 4215 Detmar'
1574 4182 1600 4214 s
1636 4166 1800 4215 Ports.
1839 4162 1914 4224 (S.
1943 4162 2063 4224 434)
2103 4164 2170 4212 ist
2205 4163 2342 4212 diese
2378 4162 2483 4211 und

256 4232 339 4283 die
364 4232 797 4296 nachstfolgende
831 4233 928 4282 auf
946 4232 1028 4283 die
1061 4231 1390 4297 Poggwisch'
1394 4248 1449 4281 er
1475 4231 1891 4296 Angelegenheit
1916 4232 1979 4291 (s.
2002 4230 2189 4281 obenQ
2156 4257 2204 4279 ⁵--
2230 4235 2324 4279 326
2349 4231 2482 4294 fgg.)

256 4299 569 4365 beziigliche
605 4299 760 4350 Notiz
805 4315 901 4349 vor
948 4300 1039 4350 der
1073 4300 1171 4351 den
1210 4300 1426 4351 Schluss
1462 4299 1745 4349 bildenden
1792 4300 1923 4351 iiber
1968 4298 2050 4349 die
2087 4296 2484 4385 Marienwolder

256 4367 509 4432 Tagfabrt
545 4366 796 4417 erwsthnt.
