3158 5260
213 1679 270 1721 10

210 2186 268 2229 15

204 2800 267 2842 20

900 545 1103 600 PARS
1147 546 1260 599 III.
1320 548 1457 600 Ana.
1497 547 1931 603 1286-1310.
2403 541 2523 606 123

478 746 508 824 §
553 745 866 808 Prutzia⁸.
959 746 1132 809 Anno
1180 746 1426 808 Domini
1479 755 1640 815 1286
1686 748 1966 809 cruciferi
2011 748 2087 809 de
2131 746 2315 810 dom'o
2350 751 2521 812 Teu·
2606 789 2612 798 .

309 847 565 907 tunicab
610 866 648 907 a
703 848 1156 910 marchionibus
1199 847 1771 931 Brandenborgensi
1816 855 1877 909 et
1918 849 2247 911 Misznensi
2292 859 2518 912 terram

309 948 624 1021 Prutziae‚
669 949 927 1011 fertilem
966 958 1027 1011 et
1069 951 1460 1030 populosam,
1506 969 1618 1029 pro
1662 969 1891 1034 magna
1934 970 2178 1012 summa
2222 954 2521 1031 pecuniae

310 1057 619 1123 emerunt,
682 1053 832 1132 quia
885 1053 1011 1113 suis
1067 1054 1244 1114 metis
1301 1059 1433 1114 erat
1486 1053 1832 1116 continuae.
1923 1053 2089 1127 *Qui
2136 1055 2521 1116 marchiones

309 1151 571 1214 *dictam
627 1158 882 1226 terram,
941 1142 1090 1215 'cum
1145 1156 1414 1217 exercitu
1472 1175 1697 1238 magno
1759 1174 1898 1229 eam
1953 1156 2246 1216 intrantes
2307 1171 2519 1219 contra

314 1254 557 1337 *regem
615 1256 940 1323 Poloniae,
995 1275 1139 1339 rege
1190 1258 1316 1318 iam
1360 1259 1422 1319 in
1471 1258 1732 1319 Polonia
1785 1258 2134 1328 interfecto,
2195 1277 2303 1338 per
2355 1260 2520 1338 ipsos

306 1357 457 1419 *sibi
515 1358 932 1430 subiecerunt,
998 1376 1037 1419 a
1095 1359 1269 1420 cuius
1327 1366 1533 1421 tamen
1597 1366 1798 1421 terrae
1856 1359 2237 1438 impetitione
2299 1360 2520 1423 Poloni

306 1460 694 1542 *numquam
740 1480 855 1521 nec
897 1460 959 1520 in
999 1461 1306 1539 praesenti
1352 1460 1782 1542 requiescunt*
1807 1462 1873 1537 1).

477 1562 508 1640 §
572 1558 814 1647 [Sextus
859 1561 1262 1624 decretalium
1279 1561 1323 1623 d.
1437 1564 1617 1624 Anno
1662 1562 1909 1624 Domini
1961 1572 2121 1630 1299
2170 1563 2523 1626 Bonifacius

307 1665 468 1726 VIII.
519 1684 681 1745 papa
726 1665 946 1726 librum
992 1670 1231 1726 sextum
1278 1663 1677 1726 decretalium
1723 1665 2021 1745 publicari
2065 1666 2208 1727 fecit
2231 1662 2324 1751 2).]

476 1768 504 1845 §
547 1767 820 1830 Lubeke.
910 1766 1380 1829 Anno-Domini
1417 1775 1575 1833 1299
1624 1772 1759 1828 orta
1803 1774 1894 1828 est
1938 1766 2241 1829 discordia
2266 1764 2282 1851 11
2311 1769 2518 1852 gravis
2544 1770 2591 1832 F
2597 1774 2673 1836 ol.
2706 1779 2822 1839 12⁰·

310 1871 465 1932 inter
513 1868 936 1931 Borchardum
982 1868 1337 1952 episcopum
1386 1875 1448 1930 et
1492 1869 1832 1948 capitulum
1878 1887 1951 1929 ex
1996 1887 2148 1941 una,
2195 1879 2256 1930 et
2300 1890 2523 1932 consu-

308 1973 500 2033 latum
579 1972 840 2033 civitatis
905 1971 1265 2032 Lubicensis
1330 1981 1506 2050 parte
1571 1991 1644 2031 ex
1715 1972 1911 2032 altera
1981 1979 2225 2051 propter
2290 1971 2522 2051 *prat-a,

308 2093 569 2145 mansoS‚
602 2093 800 2155 aquas
840 2081 900 2135 et
936 2072 1229 2136 nemora*
1268 2073 1402 2144 loci,
1440 2073 1586 2133 ubie
1621 2072 1917 2154 *antiqua
1956 2075 2169 2135 civitas
2203 2074 2524 2135 Labicana

307 2175 637 2238 iacuerat-²¹⁸.
717 2177 1142 2238 Communitas
1176 2181 1387 2236 autem
1432 2176 1759 2236 canonicos
1804 2175 2170 2255 expulerunt
2214 2183 2276 2236 et
2319 2176 2523 2237 curias

306 2297 521 2340 eorum
565 2281 886 2361 fregerunt
929 2282 1014 2354 [et
1057 2294 1162 2337 eas
1204 2277 1652 2357 spoliaverunt]
1676 2274 1764 2361 3).ss

473 2380 504 2458 §
557 2379 831 2441 Lubeke.
955 2382 1128 2440 Anno
1172 2378 1421 2440 Domini
1472 2388 1633 2447 1308
1687 2380 2009 2459 episcopus
2058 2378 2414 2439 Lubicensis
2460 2384 2522 2441 et

306 2483 586 2544 cononici
629 2483 727 2543 sui
771 2479 1126 2543 concordati
1179 2486 1324 2542 sunt
1378 2501 1518 2541 cum
1566 2481 1891 2542 consulatu
1937 2481 2105 2541 urbis
2149 2479 2516 2560 praedictae,

304 2591 366 2647 et
407 2603 549 2647 cum
594 2584 920 2647 *fratribus
968 2583 1253 2647 ordinum
1300 2583 1799 2664 praedicatorum
1846 2590 1907 2645 et
1951 2581 2296 2645 minorum*
2320 2579 2388 2665 4).

470 2790 500 2867 §
548 2787 978 2867 *Templarii*.
1029 2828 1035 2835 -
1092 2790 1267 2850 Anno
1317 2788 1569 2849 Domini
1618 2797 1779 2855 1309
1826 2788 1988 2868 capti
2035 2790 2286 2847 suerunt
2328 2785 2521 2847 *tem-

304 2890 520 2971 plarii*
574 2892 855 2971 [ubique]
908 2889 972 2950 in
1025 2910 1216 2974 regno
1270 2890 1572 2950 Franci-ae
1627 2899 1689 2950 et
1742 2889 2028 2974 Angliae‚
2090 2896 2151 2950 et
2206 2888 2359 2949 ordo
2415 2888 2519 2949 ille

309 2993 580 3054 totaliter
625 2992 968 3054 destructus
1014 2998 1105 3053 est
1126 2992 1195 3076 5).

470 3197 501 3275 ὃ
545 3197 749 3261 Uthin.
869 3198 1045 3257 Anno
1103 3196 1352 3258 Domini
1402 3205 1567 3262 1310
1588 3192 1636 3276 ὃ)
1701 3192 1997 3256 fundatur
2041 3193 2297 3255 ecclesia
2340 3192 2521 3256 Uthi-

401 3453 455 3510 a)
495 3453 590 3501 Ed.
620 3453 698 3501 Li.
730 3470 779 3501 u.
813 3454 854 3501 F
857 3469 901 3500 a.
923 3453 1034 3502 hier
1062 3451 1168 3500 und
1199 3452 1269 3500 im
1302 3453 1493 3500 Texte:
1532 3450 1765 3501 Pras-sia.
1972 3445 2030 3509 b)
2077 3449 2169 3497 Ed.
2200 3448 2277 3496 Li.
2316 3464 2351 3496 u
2399 3448 2520 3497 Fa.:

507 3519 789 3570 Teutonica.
997 3519 1050 3579 c)
1090 3520 1159 3569 so
1197 3519 1297 3569 alle
1335 3519 1645 3584 Ausgaben3
1692 3518 1944 3582 richtiger
1990 3516 2083 3564 hat
2114 3515 2280 3566 Corn
2297 3532 2363 3565 er
2405 3532 2518 3564 con-

505 3591 729 3637 termina.
938 3587 993 3646 d)
1035 3588 1125 3636 Bei
1157 3588 1235 3636 Li.
1269 3603 1319 3635 u.
1353 3588 1438 3635 Fa.
1469 3587 1781 3637 falschlich:
1827 3585 2110 3634 decretalis.
2330 3584 2386 3641 e)
2425 3583 2519 3632 Boi

500 3655 745 3705 corner
779 3657 848 3705 ist
882 3655 1130 3721 quondam
1165 3655 1527 3719 hinzugefiigt.

300 3874 475 3923 Annal.
511 3874 698 3924 Lubic.
746 3876 810 3924 ad
847 3876 909 3924 A.
954 3880 1093 3924 1299.
1310 3876 1366 3931 4)
1415 3873 1535 3938 Vgl.
1581 3873 1827 3924 Corner
1875 3872 1938 3920 ad
1984 3872 2047 3921 A.
2090 3876 2214 3920 1308
2264 3872 2343 3935 (p.
2395 3872 2520 3926 971)

297 3943 392 3989 mit
427 3942 608 3990 Detm
624 3959 689 3991 ar
720 3943 793 3998 (a.
831 3959 875 3990 a.
914 3944 974 3992 O.
1015 3944 1064 3991 S.
1104 3943 1245 4000 409).
1454 3945 1505 3997 5)
1545 3938 2082 3991 Uebereinstimmend
2120 3940 2214 3988 mit
2249 3939 2365 3987 dem
2396 3938 2519 3987 Ein-

296 4024 466 4072 gange
504 4010 608 4057 und
647 4009 856 4068 (ausser
890 4012 1007 4060 dass
1045 4012 1157 4059 hier
1195 4014 1243 4057 in
1284 4011 1469 4058 marlico
1507 4018 1723 4075 tempore
1757 4008 2103 4071 hinzugesiigt
2138 4008 2233 4059 ist)
2271 4008 2370 4055 mit
2404 4006 2519 4055 dem

298 4075 514 4125 Schluss
555 4077 643 4124 der
678 4078 1117 4128 Corner'sclwn
1155 4078 1404 4143 Angabvn
1444 4078 1507 4125 ad
1534 4080 1596 4126 A.
1628 4082 1752 4126 1309
1792 4073 1847 4135 (l.
1891 4090 1936 4124 c.
1975 4090 2090 4139 pag.
2118 4075 2268 4134 471);
2306 4074 2517 4123 Henric.

295 4144 358 4192 de
398 4143 717 4204 Hervordia,
762 4145 853 4193 der
897 4147 1029 4195 auch
1081 4145 1162 4194 dio
1201 4147 1434 4209 Stiftung
1479 4145 1570 4194 des
1607 4142 2071 4207 Templer-Ordens
2108 4160 2150 4191 z.
2185 4143 2237 4191 J.
2281 4147 2400 4189 1121
2444 4157 2519 4190 er-

296 4211 477 4260 wahnt
528 4217 673 4275 (pag.
720 4215 862 4273 144),
912 4213 1140 4278 gedonkt
1188 4215 1278 4263 der
1326 4212 1652 4275 Aufhebung
1701 4223 1771 4274 (p.
1822 4214 1945 4259 229)
1995 4225 2111 4259 zum
2160 4210 2322 4259 Jahre
2375 4214 2516 4256 1312.

297 4279 356 4335 6)
406 4278 523 4343 Vgl.
573 4278 779 4329 Contin.
828 4280 1033 4330 Alberti
1085 4282 1222 4329 stad.
1284 4280 1346 4329 ad
1396 4283 1457 4330 A.
1513 4285 1637 4332 1209
1692 4278 1815 4337 (Ed.
1856 4278 2014 4327 Andr.
2054 4279 2245 4340 Hojor,
2294 4277 2518 4326 Hafniae

2610 2338 2615 2344 ,
2657 2303 2769 2347 207.
