3158 5260
368 1491 496 1564 Fols
513 1517 537 1565 1
548 1513 589 1551 b.

392 1582 492 1633 col.
520 1589 567 1633 2.

638 504 767 570 374

640 713 942 779 episcopos,
989 712 1089 762 vu
1133 713 1321 775 duces,
1368 715 1669 780 quindecim
1716 710 1996 778 comitcs‚{
2038 713 2263 765 barones
2300 729 2538 779 quoque,
2586 716 2781 766 milites
2820 722 2879 766 et

641 780 869 831 vasallos
914 781 1064 845 quasi
1112 776 1446 844 inlnumeros.
1530 783 1660 834 Post
1704 782 2021 847 quindenam
2071 798 2195 832 vero
2234 781 2456 832 Albeam
2504 779 2877 848 transeluntes,

641 864 761 899 cum
800 847 1035 898 barbaris
1071 851 1372 914 pugnaturi,
1408 849 1713 901 obtulerunt
1743 846 1750 914 Ι
1784 865 1839 900 se
1875 851 2104 901 Domino
2142 851 2273 911 Dec,
2310 850 2572 901 dicentes:
2624 851 2877 912 „Adiuva

636 933 750 977 nos,
785 917 929 966 Deus
956 916 1199 967 salutaris
1222 913 1229 982 Ι
1254 924 1443 979 noster,
1480 924 1552 979 ut,
1584 926 1674 968 tuo
1703 919 1906 983 fulgore
1936 918 2250 980 illustrante,
2285 919 2355 969 sit
2379 924 2545 968 terror
2567 915 2574 984 Ι
2598 934 2877 985 pavorque

640 985 769 1050 ipsis
803 982 1105 1035 infidelibus
1140 991 1191 1034 te
1227 985 1684 1037 contemnentibus
1717 981 1724 1049 Ι
1755 991 1807 1036 et
1833 984 2335 1049 blasphemantibus,
2370 992 2429 1035 ut
2450 992 2501 1036 te
2525 994 2878 1052 cognoscant,

640 1046 721 1116 tel
753 1051 924 1101 solum
960 1052 1156 1113 Deum,
1193 1052 1348 1103 idolis
1385 1051 1664 1104 dimissis.“
1721 1055 1795 1102 Pa
1836 1055 1924 1102 ani
1958 1054 2124 1117 igitur
2157 1054 2243 1103 his
2274 1048 2281 1118 Ι
2311 1055 2542 1118 cognitis
2579 1056 2880 1104 timuerunt

640 1120 822 1169 mortis
868 1119 1155 1178 miseriam,
1203 1115 1530 1185 temlplorum
1582 1121 1788 1171 destruc
1815 1114 2061 1185 tJionem,
2107 1120 2323 1171 deorum
2368 1120 2770 1172 subversionem
2821 1129 2879 1172 et

640 1193 922 1253 perpetuae
946 1181 953 1248 Ι
978 1186 1320 1238 desolationis
1345 1187 1700 1253 opprobrium.
1755 1189 2002 1238 Ineuntes
2038 1204 2162 1253 ergo
2201 1183 2524 1253 consilium,!
2568 1192 2623 1238 in
2659 1189 2883 1240 diversa.

641 1261 764 1305 sunt
799 1255 942 1315 moti,
980 1261 1163 1304 contra
1188 1261 1382 1304 tantam
1408 1255 1812 1306 christianorum
1840 1256 2230 1305 multitudinem
2253 1251 2260 1319 Ι
2282 1254 2479 1306 bellare
2508 1257 2878 1320 formidantes,

641 1330 694 1371 et
722 1330 892 1371 tamen
928 1320 1125 1371 subiici
1162 1323 1275 1372 sine
1300 1323 1475 1386 gladio
1499 1319 1507 1388 Ι
1537 1324 1795 1374 nolentes.
1859 1323 2092 1373 Tandem
2120 1339 2255 1373 uuus
2285 1323 2347 1373 de
2370 1323 2670 1374 senioribus
2708 1324 2877 1373 dixit:

639 1389 717 1452 „O
749 1384 756 1452 Ι
788 1388 1092 1439 electissimi
1131 1390 1257 1450 viri,
1305 1406 1412 1439 non
1449 1408 1770 1457 pugnemus,
1814 1391 1904 1441 sed
1940 1398 2147 1439 utamur
2182 1386 2324 1454 arte!
2360 1397 2412 1440 et
2439 1393 2652 1457 ingenio
2685 1399 2880 1442 contra

636 1473 741 1518 eos,
765 1462 824 1506 ut
844 1455 1115 1507 blanditiis
1134 1458 1425 1520 vincamus,
1441 1460 1691 1523 quoniam
1703 1458 1752 1519 ³)
1773 1455 1954 1523 {armis
1981 1464 2104 1523 prae
2129 1458 2462 1509 multitudine
2487 1458 2701 1508 illorum
2724 1475 2879 1524 prae·

639 1525 844 1575 valente
890 1540 997 1573 non
1043 1540 1345 1587 possumus;
1370 1520 1387 1590 ΙΙ
1419 1542 1538 1575 nam
1584 1543 1764 1576 eorum
1801 1523 2256 1577 conscientiae'de
2296 1528 2430 1577 oscit
2464 1529 2747 1588 temeritas,
2785 1523 2874 1590 ut!

640 1593 861 1658 gratiam
920 1598 973 1641 et
1006 1591 1199 1643 Christi
1257 1593 1411 1643 fidem
1468 1593 1809 1658 poscentibus
1863 1594 2123 1657 gremium
2189 1593 2502 1645 fraternalis
2567 1595 2877 1644 affectionis

639 1657 924 1725 aperiant.“
993 1661 1246 1711 Dicamus
1282 1677 1406 1726 ergo
1444 1677 1621 1711 eorum
1646 1658 1652 1726 Ι
1678 1678 1869 1728 papae:
1909 1662 2094 1723 „Pater
2128 1668 2321 1721 sancte,
2358 1663 2697 1727 peccavimus
2752 1670 2809 1712 et
2847 1677 2881 1710 a

639 1729 854 1779 virtutis
898 1723 1123 1793 tramilte
1170 1730 1484 1793 erravimus,
1528 1730 1727 1795 pseudo
1763 1730 2016 1793 falsisque
2052 1724 2404 1793 consiliariis!
2446 1727 2681 1790 seducti;
2717 1730 2879 1779 inno—

637 1802 843 1847 centem
876 1797 1187 1859 sanguinem
1220 1797 1526 1859 effudimus3
1564 1798 1683 1848 ideo
1717 1794 1929 1863 lsancta
1964 1802 2016 1846 et
2050 1797 2189 1847 iusta
2223 1802 2409 1847 contra
2443 1813 2541 1847 nos
2576 1798 2877 1847 commotio

639 1871 743 1913 tua.
797 1858 1036 1927 Ignosice
1064 1864 1235 1924 nobis,
1272 1870 1325 1913 et
1347 1866 1728 1916 sacratissimas
1762 1866 1897 1930 legis
1934 1860 2260 1929 catholicae!
2300 1864 2662 1915 observantias
2700 1865 2880 1915 susci-

636 1932 859 1995 piemus,
899 1945 930 1978 a
965 1940 1014 1979 te
1051 1931 1314 1979 informati
1345 1927 1350 1994 Ι
1384 1938 1435 1981 et
1469 1932 1750 1997 baptisati3
1786 1940 1914 1982 tunc
1950 1932 2107 1982 etiam
2143 1931 2324 1983 fideles
2359 1931 2515 1983 nobis
2550 1938 2602 1982 et
2636 1927 2642 1996 Ι
2679 1935 2879 1982 castris

636 1999 829 2048 nostris
878 1996 1334 2047 dominabuntur.“
1417 2000 1565 2051 Haec
1611 2017 1704 2066 per
1752 2002 1929 2050 omnia
1962 1993 2112 2062 aliisi
2149 2013 2270 2049 cum
2305 2000 2500 2065 gaudio
2536 2000 2877 2065 placuerunt.

636 2066 703 2116 Et
748 2065 1011 2129 legatione
1056 2066 1216 2116 missa
1257 2061 1264 2130 Ι
1299 2066 1364 2117 ad
1399 2082 1611 2134 papam,
1657 2070 1832 2119 omnia
1865 2068 1997 2118 haec
2039 2067 2289 2131 figmenta
2323 2067 2426 2117 sibi
2463 2069 2678 2132 suisque
2711 2062 2718 2132 Ι
2750 2084 2881 2133 pro-

635 2139 952 2199 posuerunt3
1001 2140 1050 2183 et
1095 2134 1305 2183 tandem
1350 2150 1486 2201 papa
1527 2152 1649 2186 cum
1695 2137 1772 2187 eis
1809 2137 1861 2184 in
1899 2136 2169 2185 civitatem
2206 2130 2212 2198 Ι
2253 2134 2651 2201 Hammenburg
2703 2137 2878 2198 venit,

636 2217 791 2266 quem
843 2216 994 2251 senes
1050 2206 1102 2251 et
1149 2197 1418 2267 iuvenesl,
1467 2204 1702 2268 virgines
1760 2208 1812 2253 et
1870 2202 2114 2253 mulieres
2165 2209 2486 2266 reverenter,
2542 2201 2670 2253 licet
2727 2203 2877 2265 ficte,

635 2264 1008 2334 suslceperunt,
1042 2268 1328 2320 clamantes
1363 2276 1417 2321 et
1452 2270 1711 2322 dicentes:
1749 2264 2104 2335 „Advenisti,l
2132 2270 2225 2320 lux
2251 2271 2576 2335 pontificum,
2608 2274 2731 2320 curn
2752 2271 2878 2335 glo-

634 2338 773 2388 rioso
812 2337 1048 2387 exercitu
1085 2333 1242 2401 tuo;{
1282 2338 1543 2389 credimus
1581 2346 1754 2389 tecum
1789 2340 1968 2388 venire
2005 2340 2191 2388 Jesum
2227 2337 2508 2400 Christum,
2544 2338 2875 2388 illuminato-

633 2421 743 2456 rem
777 2399 1100 2469 animarum}
1129 2413 1449 2468 nostrarum,
1486 2408 1640 2456 cuius
1677 2408 1869 2457 fontem
1909 2407 2252 2456 sacratissimi
2287 2405 2535 2471 baptismi
2567 2403 2574 2470 Ι
2610 2406 2877 2457 instanter

634 2469 1019 2538 exposcimus.“
1099 2473 1331 2523 Tandem
1377 2489 1514 2540 papa
1548 2489 1671 2524 cum
1718 2468 1942 2539 gaudio!
1973 2488 2163 2540 magno
2212 2489 2302 2524 eos
2337 2472 2646 2539 baptisavit,
2683 2473 2876 2525 dicens

635 2541 701 2590 ad
733 2556 884 2591 suos:
922 2540 1125 2602 „Quam
1154 2540 1361 2591 laudem
1390 2541 1632 2593 dabimus
1659 2543 1885 2593 Domino
1911 2542 2023 2591 Deo
2061 2557 2155 2607 pro
2192 2540 2342 2591 lucro
2379 2536 2486 2605 tot}
2512 2539 2876 2591 animarum!“

634 2609 787 2660 Tunc
822 2622 997 2659 sacras
1033 2608 1187 2659 aedes
1221 2610 1276 2658 in
1315 2609 1715 2675 Hammenburg
1749 2604 1756 2674 Ι
1790 2618 1842 2658 et
1880 2610 2079 2660 circum
2118 2610 2261 2660 circa
2294 2611 2351 2659 in
2391 2608 2597 2675 oppidis
2633 2616 2686 2660 et
2721 2609 2875 2661 villis

633 2677 925 2737 destructas
959 2672 1458 2741 reaeldificaverunt.
1516 2679 1617 2728 Sed
1653 2679 1857 2727 interim
1896 2678 1985 2728 isti
2020 2676 2140 2728 falsi
2176 2685 2229 2728 et
2263 2671 2529 2742 viruilenti
2565 2677 2875 2743 neophytae
2933 2696 2939 2702 ·

632 2745 848 2795 nuntios
894 2759 1016 2794 cum
1050 2745 1218 2795 literis
1253 2744 1316 2793 ad
1349 2741 1359 2810 Ι
1394 2746 1664 2811 antiquam
1692 2747 1971 2796 'civitatem
2007 2745 2316 2810 Starghard,
2352 2745 2407 2795 id
2444 2750 2521 2796 est
2554 2744 2875 2812 ‚oldenborg

634 2812 773 2875 (star
799 2807 807 2878 Ι
835 2812 972 2862 idem
1008 2818 1113 2874 est,
1149 2813 1288 2877 quod
1326 2820 1507 2876 vetus,
1551 2819 1604 2864 et
1636 2813 1808 2878 qhard
1839 2812 2025 2874 vrbs),
2060 2813 2305 2863 similiter
2339 2819 2392 2863 et
2425 2815 2483 2862 in
2512 2808 2519 2876 Ι
2560 2813 2763 2876 Stetyn‚
2802 2814 2876 2864 ad

636 2896 817 2931 eorum
862 2879 1096 2945 collegas
1144 2880 1553 2943 destinaverunt,
1586 2877 1592 2945 Ι
1629 2882 1930 2937 intimantes
1977 2895 2040 2930 ea
2074 2895 2208 2945 quae
2243 2880 2385 2930 facta
2427 2886 2578 2942 sunt,
2628 2886 2678 2930 et
2723 2881 2875 2944 quod

634 2943 882 3012 indilate!
914 2963 1072 2998 manu
1126 2953 1325 2998 armata
1359 2949 1756 3013 Hammenborg
1804 2952 2124 3014 expeterent,
2162 2943 2168 3012 Ι
2199 2954 2258 2998 ut
2301 2949 2381 2998 sic
2426 2955 2535 2998 arte
2580 2954 2743 2997 artem
2778 2948 2875 2997 de-

634 3016 931 3076 vincerent3
975 3031 1096 3064 nam
1131 3016 1187 3065 in
1234 3011 1385 3079 fesito
1429 3019 1670 3082 proximo
1708 3016 1789 3066 Ad
1834 3016 2051 3066 vincula
2096 3016 2241 3066 Petri
2287 3015 2687 3066 christianorum
2737 3029 2876 3079 pon-

633 3078 782 3148 ti1fex
826 3083 883 3132 in
926 3081 1321 3149 Hammenborg
1365 3091 1500 3135 esset
1544 3083 1933 3146 celebratur11S‚
1981 3089 2033 3133 et
2083 3079 2302 3148 omnes!
2344 3083 2542 3134 ibidem
2586 3082 2871 3132 christiani

633 3152 859 3200 inermes
894 3150 1127 3209 studium
1172 3151 1446 3202 devotioni
1479 3150 1486 3216 Ι
1520 3158 1571 3202 et
1619 3153 1845 3202 orationi
1890 3157 2073 3202 essent
2110 3150 2298 3201 daturi.
2381 3148 2660 3201 Sitibundo
2698 3150 2876 3213 igitur

634 3215 831 3283 corde}
873 3218 937 3267 ad
985 3219 1263 3282 sanguinis
1312 3220 1608 3270 innocentis
1665 3220 1972 3270 effusionem
2031 3234 2209 3269 omnes
2254 3217 2531 3269 barbarica
2566 3212 2573 3280 Ι
2612 3217 2759 3267 rabie
2809 3235 2874 3268 se

634 3292 972 3352 praeparant3
1010 3292 1061 3336 et
1087 3286 1219 3335 hora
1244 3288 1511 3336 tertiarum
1538 3288 1651 3353 ipso
1687 3287 1771 3338 die
1803 3290 1810 3350 Ι
1849 3287 1932 3336 Λᾶ
1968 3287 2188 3337 vincula
2220 3284 2620 3350 Hammenburg
2653 3286 2873 3335 intrant.

636 3347 1044 3417 Quaerenltibus
1084 3355 1249 3418 igitur
1295 3353 1622 3418 christianis,
1670 3356 1884 3420 quinam
1937 3360 2110 3405 essent
2155 3355 2245 3404 isti
2295 3348 2537 3417 armati,}
2586 3353 2873 3418 responde·

633 3428 755 3471 runt
789 3421 1029 3472 maledici
1066 3422 1363 3487 neophytae
1393 3417 1990 3487 IIammenburlgenses:
2030 3423 2157 3485 „Isti
2194 3427 2317 3472 sunt
2351 3421 2738 3485 corregionales
2771 3436 2875 3471 no-

631 3491 741 3552 stri,
775 3484 1053 3579 bapltisma
1086 3497 1139 3539 et
1172 3490 1326 3540 fidem
1363 3490 1734 3547 desiderantes,
1769 3491 2044 3555 hucusque
2079 3505 2172 3554 per
2206 3484 2379 3553 delvia
2413 3500 2648 3538 errorum
2682 3488 2875 3539 ambu-

634 3556 834 3608 lantes.‘
921 3557 1052 3608 Cum
1088 3564 1264 3608 autem
1301 3574 1437 3624 papa
1472 3559 1537 3608 ad
1569 3554 1576 3621 Ι
1613 3559 1824 3608 missam
1862 3556 2142 3622 agendam,
2190 3572 2368 3607 coram
2401 3557 2590 3621 positis
2626 3555 2876 3605 cardina-

366 3602 478 3664 ΓΟῘ·
503 3615 605 3664 11¹³·
634 3625 776 3676 libus
811 3621 893 3689 et!
925 3627 1206 3691 episcopis,
1242 3643 1297 3677 se
1333 3627 1623 3688 investiret,
1663 3626 1906 3692 apparuit
1938 3624 2019 3674 illi
2055 3624 2275 3688 angelus
2311 3619 2539 3685 dicenstss
2574 3622 2875 3685 „Constans

395 3682 495 3732 001·
525 3686 567 3729 ¹·
624 3699 754 3754 estc,
790 3692 854 3741 ad
890 3708 1141 3744 coronam
1175 3695 1315 3744 enim
1350 3701 1400 3744 te
1437 3701 1662 3759 tuosque
1696 3688 1988 3755 Dominus!
2014 3689 2216 3742 vocat.“
2281 3692 2401 3742 Hoc
2437 3691 2631 3753 audito,
2671 3691 2875 3742 cecidit

631 3775 767 3825 papa
803 3761 855 3810 in
893 3762 1084 3810 faciem
1107 3757 1302 3825 lenam,
1337 3761 1545 3812 dicens:
1586 3761 1846 3824 „Domine
1872 3761 2006 3810 Jesu
2032 3758 2252 3821 Christe,
2294 3761 2343 3810 si
2376 3774 2474 3809 nos
2509 3759 2565 3808 in
2600 3759 2716 3809 istis
2752 3757 2874 3809 lon-

631 3829 845 3892 ginquis
895 3824 903 3892 Ι
961 3828 1255 3880 decreveris
1305 3830 1542 3895 partibus
1596 3830 1862 3894 suscipere
1916 3843 2011 3893 pro
2065 3826 2166 3876 fide
2219 3835 2311 3877 tua
2362 3833 2560 3889 sancta,
2600 3822 2607 3891 Ι
2659 3825 2753 3887 da,
2806 3833 2875 3876 ut

635 3896 954 3960 quicumque
989 3912 1179 3947 nomen
1217 3904 1365 3948 tuum
1400 3905 1454 3946 et
1490 3896 1821 3947 beatissimae
1861 3890 2074 3960 matris}
2109 3900 2230 3945 tuae
2265 3896 2319 3944 in
2355 3894 2457 3944 hoc
2494 3894 2611 3944 loco
2650 3896 2872 3944 invoca-

633 3963 797 4024 verit,
840 3964 906 4013 ab
944 3964 1189 4015 omnibus
1226 3960 1674 4029 tribulaltionibus
1699 3970 1750 4013 et
1783 3964 2043 4028 angustiis
2079 3964 2282 4013 animae
2319 3969 2372 4012 et
2406 3963 2640 4026 corporis
2675 3959 2874 4012 libere-

634 4037 719 4080 tur
750 4024 758 4094 Ι
788 4031 844 4079 in
880 4033 991 4082 suis
1025 4033 1181 4083 iustis
1216 4026 1657 4099 petitioni[b]us.“
1741 4030 1838 4081 Cui
1878 4030 2096 4096 angelus
2133 4032 2322 4080 iterum
2354 4025 2362 4094 Ι
2395 4024 2667 4095 apparens'
2697 4028 2867 4079 dixit:

634 4099 727 4160 „In
765 4099 1022 4163 patientia
1070 4101 1295 4149 animam
1345 4107 1488 4151 tuam
1536 4093 1822 4167 poslsideas
1859 4114 1978 4149 cum
2012 4100 2146 4162 tuis,
2190 4104 2242 4149 et
2286 4104 2495 4149 aeterna
2530 4096 2875 4149 tabernacula

738 4346 781 4398 3)
819 4349 959 4391 coa:
1001 4350 1165 4405 quibus.
