3158 5260
1058 562 1261 616 PARS
1316 564 1374 616 V.
1441 563 1578 620 Anu.
1624 562 1807 618 1470.
2410 558 2537 622 277

316 770 463 826 vata
499 770 574 824 et·
597 782 741 844 rege
768 762 1228 844 querimoniam
1263 781 1469 825 coram
1511 763 1966 825 civitatensibus
2006 773 2067 824 et
2105 764 2323 825 militia
2359 763 2436 826 de
2471 785 2537 826 re

315 863 670 926 huiusmodi
723 876 1130 945 proponente,
1192 865 1342 926 dixit
1408 864 1795 926 Gherardus:
1860 865 1938 926 Et
1995 884 2111 946 ego
2164 885 2300 926 sum
2361 866 2535 929 heres

317 969 573 1046 patriae.
657 967 800 1029 Iniit
843 987 991 1051 ergo
1037 987 1141 1029 rex
1186 968 1512 1029 concilium
1559 986 1699 1027 cum
1747 967 2202 1029 civitatentibus
2247 975 2307 1029 et
2350 967 2536 1031 *con-

314 1070 611 1142 siliariis*,
655 1076 719 1131 et
763 1070 1121 1132 Gherardus
1167 1077 1343 1132 nocte
1389 1069 1525 1150 [per
1568 1070 1738 1130 invia
1783 1075 1844 1130 et
1888 1069 2086 1141 devia,
2134 1070 2369 1148 bospite
2414 1092 2533 1132 non

250 1184 279 1228 5
314 1174 602 1246 salutato,
647 1174 831 1249 clam]
878 1172 1151 1246 recessit,
1207 1173 1355 1254 quia
1405 1172 1554 1234 vidit
1598 1177 1814 1232 contra
1864 1191 1930 1232 se
1973 1169 2254 1232 *turbam
2300 1175 2534 1235 tumul-

317 1273 659 1349 tuantem*;
714 1276 962 1337 recessit
1014 1258 1184 1359 ergo⁸
1219 1283 1294 1336 et>
1335 1293 1655 1355 nunquam
1704 1279 1793 1335 est
1836 1274 1917 1335 ad
1963 1274 2220 1335 eandem
2267 1275 2531 1354 patriam

317 1395 614 1438 reversus,
717 1377 869 1455 [Hic
923 1377 1177 1457 quidam
1238 1377 1449 1439 dicunt
1517 1396 1661 1438 eum
1722 1377 1891 1457 prius
1936 1382 2173 1438 tentum
2220 1375 2532 1455 captivum

317 1479 377 1539 in
423 1478 811 1561 Zegheberch
871 1480 931 1541 in
990 1498 1238 1541 camera
1293 1478 1539 1559 lapidea
1593 1480 1778 1563 longo
1822 1485 2125 1559 tempore,
2178 1485 2249 1539 ut
2302 1477 2531 1539 dictum

318 1587 410 1642 est
434 1578 497 1664 ¹).
568 1581 646 1642 Et
689 1581 953 1647 finaliter
996 1584 1110 1644 sub
1154 1583 1505 1645 iuramento
1552 1570 1862 1644 recusavit
1907 1582 2074 1643 omni
2118 1581 2237 1643 iuri
2285 1586 2346 1642 et
2389 1601 2532 1661 pro-

222 1700 284 1745 ιο
320 1684 591 1766 prietati,
648 1703 837 1765 quam
883 1686 945 1746 in
991 1685 1195 1765 patria
1236 1686 1357 1746 ista
1403 1685 1629 1746 habere
1674 1684 1843 1764 prius
1886 1701 1953 1745 se
1997 1683 2285 1759 asseruit3
2345 1692 2406 1746 et
2448 1685 2535 1746 sic

317 1786 397 1850 ad
447 1786 721 1866 proprios
778 1787 1009 1848 meavit
1063 1806 1308 1849 mansos
1362 1806 1536 1859 suOS,
1592 1806 1705 1848 nec
1760 1794 1965 1848 tamen
2014 1787 2277 1848 multum
2323 1807 2533 1849 emen-

321 1888 501 1949 datus
529 1888 686 1968 suit]
757 1889 1219 1950 Confoederatis
1253 1890 1443 1973 igitur
1475 1908 1622 1972 rege
1659 1887 2041 1949 *Holtzatis*
2074 1893 2134 1948 et
2158 1889 2534 1952 civitatensi-

321 1993 431 2052 bus
466 1992 590 2076 liga
627 1990 1013 2064 fortissima&
1058 2001 1268 2072 postea
1297 2012 1401 2053 rex
1432 1992 1658 2053 iterum
1692 1987 1889 2070 cepitb
1924 1990 2282 2075 homagium
2315 1997 2533 2061 terrac,

318 2093 484 2175 quod
531 2101 736 2155 tamen
770 2093 1054 2155 Frisones
1090 2095 1346 2175 praefati
1396 2097 1597 2156 facere
1631 2093 1963 2154 noluerunt
1996 2099 2057 2154 et
2088 2092 2175 2154 ini
2213 2113 2286 2154 ex
2310 2094 2533 2155 Krem-

220 2205 282 2250 15
317 2216 426 2276 per
471 2195 752 2269 mersche,
798 2196 912 2271 nisi
958 2195 1155 2259 arduo
1194 2197 1650 2259 civitatensium
1696 2194 2090 2276 *persuasu*,
2136 2190 2320 2280 [quia
2364 2197 2533 2283 Ghe-

315 2295 568 2358 rardum
626 2291 1127 2381 inviscerabant].
1218 2295 1319 2358 Sic
1373 2316 1521 2381 ergo
1578 2296 1890 2358 adiutorio
1947 2297 2268 2358 civitatum
2336 2301 2534 2360 sactus

315 2406 407 2457 est·
469 2397 694 2457 iterum
762 2414 866 2456 rex
934 2390 1365 2480 [Cristiernus]
1432 2395 1720 2457 dominus
1757 2392 1774 2479 Η
1816 2395 2003 2456 totius
2059 2402 2262 2460 terrae
2285 2398 2362 2476 2),
2428 2400 2532 2461 sed
2554 2404 2683 2466 Fol.
2714 2413 2835 2472 28⁶·

317 2499 492 2580 lapsu
529 2511 880 2579 temporum
912 2495 1423 2559 *obliviscebatur
1466 2496 1965 2578 aliquantulum*
2010 2498 2194 2560 huius
2238 2501 2567 2564 beneficii..

316 2602 676 2666 Gherardus
720 2608 931 2664 autem
977 2600 1084 2683 [de
1128 2600 1513 2663 Oldenborch
1546 2598 1624 2684 3),
1678 2620 1962 2664 reuersus
2027 2601 2105 2665 ad
2174 2604 2355 2676 lareS,
2411 2623 2531 2666 non

216 2713 281 2758 ²0
316 2701 726 2791 emendatus]
752 2704 1090 2767 construxit
1122 2703 1484 2766 fortalitium
1518 2724 1705 2784 super
1731 2704 2066 2779 weseram,
2100 2704 2534 2788 *adappellans

312 2806 583 2869 soldatos
628 2807 709 2869 ad
744 2791 1246 2885 depraedandum
1285 2806 1560 2878 Daciam,
1608 2806 1914 2880 Sueciam,
1950 2808 2356 2883 Holtzaciam,
2399 2810 2535 2873 Lu-

316 2909 430 2971 bek
470 2915 531 2971 et
567 2908 912 2992 Hamburg,
957 2909 1285 2969 immemor
1331 2907 1614 2987 promissi
1659 2914 1720 2968 et
1762 2909 2112 2983 iuramenti,
2159 2911 2324 2992 quod
2369 2913 2534 2973 feco-

316 3019 412 3072 rat
455 3011 584 3094 regi
631 3010 889 3082 Daciae,
933 3011 1107 3072 fratri
1161 3030 1295 3072 suo.
1406 3008 1546 3084 Quo
1608 3017 1922 3091 comperto
1974 3013 2215 3093 scripsit
2265 3012 2355 3073 ini
2410 3034 2532 3086 rex,

316 3113 481 3194 quod
520 3113 851 3186 desisteret,
899 3132 977 3174 ne
1011 3113 1255 3175 infamis
1293 3115 1483 3185 fieret,
1527 3119 1590 3173 et
1621 3117 1754 3173 tota
1798 3113 2127 3193 posteritas
2163 3135 2279 3179 sua
2315 3115 2533 3197 [exul],

216 3230 278 3275 25
315 3218 465 3298 quia
524 3222 715 3278 staret
777 3236 918 3278 cum
966 3217 1315 3278 civitatibus
1375 3218 1437 3279 in
1492 3216 1741 3279 foedere
1798 3212 2044 3302 [contra
2090 3214 2532 3304 Gherardum]‚

317 3320 586 3400 fecitque
629 3319 715 3380 eis
761 3319 961 3391 fidem,
1008 3314 1112 3405 [ut
1165 3339 1241 3381 ea
1295 3319 1373 3381 de
1416 3338 1608 3381 causa
1650 3319 2011 3381 indemnesd
2057 3320 2531 3401 permanerent}

319 3431 379 3484 et
419 3423 507 3484 sic
551 3421 802 3501 [timore
843 3421 1048 3482 servili
1096 3416 1458 3506 concussus]
1505 3422 1760 3502 quievit.

485 3525 721 3588 Eodem
749 3544 947 3604 Δειῐιῐιο,
991 3529 1135 3586 ante
1168 3523 1622 3598 penthecostes,
1669 3524 1819 3592 obiit
1862 3544 1968 3586 rex
2010 3522 2270 3587 Sueciae
2313 3524 2532 3597 senior,

318 3628 563 3690 nomine
606 3628 901 3701 KaroluS,
956 3633 1016 3688 et
1059 3629 1263 3688 sactae
1308 3631 1451 3686 sunt
1504 3624 1907 3689 dissensiones
1952 3645 2219 3711 magnae
2270 3629 2346 3687 de
2388 3647 2535 3710 rege

213 3738 281 3782 30
316 3732 598 3816 eligendo
632 3734 790 3794 inter
823 3729 1080 3807 Suecos;
1128 3727 1384 3809 quidam
1416 3729 1579 3789 enim
1613 3729 1955 3813 diligebant
1982 3730 2400 3801 Cristiernum,
2429 3729 2535 3791 alii

519 3953 568 3986 u.
603 3937 690 3987 Fa.
729 3954 793 3987 zu
830 3938 1013 3986 Einem
1047 3937 1229 3987 Worte
1263 3934 1582 3985 verbunden.
1788 3935 1845 3997 d)
1882 3936 1981 3984 Die
2018 3935 2108 3984 Ed.
2146 3950 2220 3999 pr.
2261 3934 2364 3984 und
2399 3933 2533 3984 nach

517 4006 597 4055 ihr
634 4005 728 4055 Ed.
765 4005 846 4054 Li.
881 4005 1170 4056 falschlich
1205 4003 1465 4052 indemnis.
2474 4015 2491 4022 ‘
2544 4007 2547 4014 ·

315 4244 554 4295 ebendas.
592 4245 640 4292 S.
677 4248 922 4293 329-31.
1129 4245 1184 4304 3)
1223 4243 1339 4308 Vgl.
1378 4259 1442 4293 zu
1478 4243 1596 4292 dem
1635 4241 1936 4306 Folgendcn
1972 4241 2212 4297 ebcndas.
2250 4259 2292 4296 z.
2324 4242 2374 4290 .J.
2405 4243 2532 4289 1470

317 4313 390 4377 (S.
428 4313 551 4373 332)
593 4312 698 4362 und
735 4328 850 4362 zum
890 4313 939 4366 J,
977 4317 1092 4364 1471
1136 4314 1216 4372 (S.
1245 4319 1342 4364 334
1378 4327 1426 4361 u.
1466 4312 1607 4370 338),
