3158 5260
1032 536 1236 590 PARS
1290 538 1349 592 V.
1414 536 1553 593 dnn.
1599 535 1783 592 1478.
2391 528 2519 593 319

295 733 657 801 Katerinam
674 742 715 807 ⁸,
759 734 949 797 filiam
983 734 1241 808 Ernesti,
1287 735 1459 798 ducis
1498 735 1808 805 Saxoniae
1848 740 1910 797 et
1953 735 2232 798 electoris
2276 734 2520 817 imperii

296 836 755 920 lantgraviique
802 838 1217 922 Thuringiae,
1262 839 1426 900 circa
1468 837 1827 900 Nativitatis
1870 837 2132 913 Mariae,
2178 858 2369 921 quam
2413 840 2522 902 Al-

295 940 502 1001 bertus
556 941 748 1002 frater
805 942 1069 1021 praefati
1126 941 1367 1003 Ernesti
1424 960 1566 1003 cum
1625 941 1905 1021 plurimis
1962 941 2336 1022 principibus
2394 961 2523 1004 una

297 1061 437 1103 cum
486 1044 775 1123 episcopo
819 1044 1317 1128 Merseburgensi
1377 1050 1438 1106 et
1493 1045 1792 1107 militibus
1839 1064 1960 1106 non
2005 1044 2262 1106 modicis
2305 1042 2520 1108 XXVI.

232 1158 259 1199 5
297 1144 576 1207 curribus
635 1153 697 1207 et
755 1148 1067 1228 equitibus
1126 1148 1313 1209 variis
1377 1166 1484 1227 per
1529 1146 1763 1209 Rostok
1823 1146 1999 1209 duxit
2059 1148 2119 1207 in
2167 1146 2428 1208 Daciam
2454 1145 2520 1227 ¹).

295 1246 375 1308 Et
418 1247 615 1308 altera
660 1247 760 1309 die
804 1247 1034 1318 Lucae,
1080 1247 1181 1309 die
1226 1248 1429 1321 lunae,
1474 1255 1804 1318 revertens,
1849 1249 1910 1310 in
1959 1248 2174 1310 Lubec
2217 1250 2521 1310 famosam

296 1349 499 1411 tenuit
528 1351 765 1412 curiam
797 1349 1041 1431 [diebus
1085 1351 1515 1432 aliquantulis]
1563 1349 1944 1413 hastiludens
1988 1351 2051 1411 in
2086 1352 2240 1426 foro,
2285 1356 2347 1413 et
2388 1352 2521 1431 ipso

297 1449 399 1512 die
424 1451 689 1515 Ursulae
725 1452 789 1514 in
832 1453 1085 1533 propria
1129 1471 1395 1533 persona
1438 1454 1501 1516 in
1537 1452 1898 1535 [superiori]
1930 1454 2261 1533 praetorio,
2306 1473 2522 1535 vespe-

298 1570 407 1614 rae
451 1552 605 1616 hora
647 1554 837 1628 V111.‚
894 1553 1064 1637 quod
1108 1555 1289 1636 quasi
1333 1555 1687 1618 inauditum
1733 1556 1879 1630 fuit,
1933 1560 2217 1638 equestre
2263 1556 2524 1618 hastilu-

202 1665 262 1710 10
298 1656 500 1719 dendo
545 1658 738 1719 alium
784 1659 1050 1721 nobilem
1099 1660 1450 1739 prostravit.
1539 1658 1914 1720 Lubicenses
1967 1658 2236 1742 gloriose
2293 1664 2524 1721 tracta-

197 1797 198 1804 κ
298 1761 446 1822 bant
490 1779 633 1822 eum
678 1761 864 1837 satis,
911 1756 1154 1846 [tamen
1197 1761 1654 1833 immemorem,
1710 1779 1850 1822 cum
1906 1759 1988 1822 ad
2043 1760 2322 1841 proprios
2368 1760 2526 1823 lares

299 1858 655 1951 remearet}
768 1864 979 1926 Altera
1054 1863 1184 1937 die,
1268 1883 1434 1946 quae
1514 1864 1634 1927 fuit
1712 1864 1984 1938 veneriS,
2061 1864 2308 1925 recessit
2359 1881 2523 1926 scum

302 1964 583 2030 CCCLX.
630 1967 967 2049 equitibuS,
1022 1986 1131 2047 per
1175 1967 1620 2054 Magnopolem
1669 1973 1729 2028 et
1784 1973 2013 2028 terram
2059 1966 2371 2050 Prignitze
2427 1983 2526 2029 re-

301 2068 576 2148 patrians
599 2066 667 2151 2).

204 2275 262 2321 ¹⁵
470 2272 707 2336 Eodem
752 2292 918 2336 anno
961 2258 1464 2355 archiepiscopus
1507 2270 1790 2356 Rigensis
1835 2271 2074 2332 Paulus
2119 2277 2256 2351 post
2299 2271 2527 2333 multas

299 2373 556 2435 iniurias
618 2392 830 2454 passas
891 2379 1109 2453 captus
1167 2379 1262 2435 est
1317 2392 1358 2440 a
1416 2373 1715 2458 magistro
1772 2372 2003 2435 ordinis
2045 2373 2407 2436 Bernhardo
2452 2372 2530 2435 de

300 2475 503 2537 Borch
548 2481 611 2537 et
655 2473 975 2537 custodiae
1019 2473 1381 2554 deputatus,
1427 2479 1760 2556 postquam
1805 2474 1934 2537 iam
1979 2473 2086 2536 diu
2132 2473 2526 2537 interdictum

299 2584 615 2641 servatum
679 2577 802 2641 fuit
865 2577 927 2640 in
991 2575 1240 2639 diocesi·
1289 2578 1366 2641 ob
1423 2577 1752 2641 innumera
1811 2576 2044 2641 ordinis
2107 2578 2275 2640 mala
2338 2584 2530 2660 atque

300 2681 500 2762 spolia
541 2681 606 2743 in
650 2670 972 2742 ecclesiam
1018 2680 1345 2764 Rigensem
1403 2682 1599 2754 facta,
1657 2700 1796 2743 cum
1851 2681 1979 2743 iam
2034 2679 2140 2742 diu
2186 2699 2378 2743 causa
2421 2700 2532 2761 pe—

198 2797 266 2841 no
300 2783 611 2865 pendisset
672 2784 736 2845 in
804 2784 955 2846 urbe
1015 2783 1329 2858 Romana,
1396 2789 1459 2845 et
1526 2783 1704 2864 lapsu
1779 2783 2088 2873 temporis
2139 2786 2336 2847 ferme
2399 2788 2533 2846 tota

302 2887 563 2951 diocesis
609 2885 922 2950 destructa
966 2893 1057 2948 est
1078 2887 1143 2961 ³).

475 3093 869 3154 Assambetus
931 3085 1243 3175 [Hosson,
1310 3089 1620 3152 Cassanus
1680 3082 1997 3173 quoque],
2055 3106 2161 3150 rex
2218 3087 2534 3161 Parthiae,

308 3195 580 3268 Persiae,
625 3193 905 3267 Mediae,
951 3192 1518 3274 Mesopothamiae,
1564 3191 1897 3254 Armeniae
1942 3196 2087 3265 etc.,
2133 3190 2309 3263 obiit,
2357 3191 2533 3253 cuius

308 3297 469 3360 filius
513 3299 731 3372 maior,
775 3298 913 3360 aliis
955 3297 1250 3359 fratribus
1295 3296 1655 3369 interfectis,
1700 3312 1892 3378 regna
1937 3293 2130 3374 patris
2173 3293 2442 3373 suscepit
2461 3290 2531 3375 ⁴).

408 3588 464 3650 a)
499 3588 592 3639 Ed.
628 3588 709 3638 Li.
755 3604 804 3637 u.
839 3588 959 3638 Fa:
1011 3583 1311 3637 Catharina.

303 3806 492 3861 burthen
525 3806 741 3873 belmen‘¹
789 3815 895 3861 erst
942 3803 1145 3871 „tobone
1178 3807 1422 3863 tonberum
1466 3806 1701 3858 nachher
1749 3821 1817 3855 an
1865 3805 1982 3856 dem
2018 3805 2167 3855 Tanz
2203 3802 2361 3854 Theil
2408 3802 2538 3854 nah·

303 3895 449 3943 men,
497 3878 580 3929 die
627 3878 962 3942 Bemerkung
1005 3876 1305 3942 beigefiigt,
1365 3875 1484 3926 dass
1528 3875 1644 3925 hier
1687 3890 1754 3924 zu
1799 3873 1977 3924 Laude
2027 3871 2110 3923 die
2155 3871 2342 3923 Pserde
2387 3870 2538 3922 nicht

303 3947 510 4012 gelernt
561 3946 769 4007 hatten,
832 3941 953 4003 „mit
998 3940 1145 4005 futter
1203 3938 1291 4005 lost
1340 3939 1514 4005 olfulfe
1553 3942 1744 4003 tumen
1794 3945 1857 4002 ui>
1905 3941 2027 3991 unbe
2084 3935 2139 4001 of
2186 3938 2235 3990 to
2284 3935 2537 4004 stigenbe‘st

304 4013 366 4077 3)
402 4014 521 4079 Vgl.
546 4012 881 4064 Detmar's
899 4013 1065 4063 Forts.
1096 4012 1205 4062 ιδ.
1228 4014 1352 4061 1478
1382 4010 1457 4072 (a.
1481 4027 1526 4060 a.
1543 4011 1604 4062 Ο.
1625 4011 1674 4061 S.
1691 4011 1829 4073 407),
1856 4025 1938 4060 wo
1962 4009 2090 4060 aber
2111 4009 2195 4059 die
2219 4008 2418 4058 Nomen
2446 4006 2536 4058 des

303 4081 658 4144 Erzbischoss,
687 4083 787 4130 wie
817 4081 907 4130 des
930 4079 1387 4140 Ordensmeisters,
1410 4078 1601 4129 sehlen.
1774 4080 1835 4139 4)
1874 4078 2034 4128 Diese
2059 4077 2215 4127 Notiz
2238 4076 2400 4126 findet
2419 4075 2537 4126 sich

304 4150 391 4201 bei
423 4146 755 4200 Detmar’s
787 4148 953 4199 Forte.
987 4147 1161 4210 nicht,
1199 4162 1281 4197 wo
1319 4147 1557 4212 dagegen
1591 4146 1668 4205 (S.
1700 4141 1882 4208 407l9)
1918 4145 2002 4194 die
2033 4145 2417 4209 Bedingungen
2445 4143 2537 4193 des

305 4216 568 4268 zwischen
615 4215 854 4281 Venedig
899 4231 950 4265 u.
984 4215 1100 4264 dem
1128 4215 1460 4268 Tiirkischen
1504 4214 1692 4264 Kaiser
1723 4224 1912 4270 „umme
1943 4207 2166 4275 „owen”
2212 4213 2285 4261 im
2326 4212 2376 4260 J.
2411 4214 2536 4260 14⁷9

304 4285 739 4352 geschlossenen‚
786 4299 891 4334 von
929 4282 1019 4334 der
1059 4282 1296 4333 Chronik
1329 4281 1561 4333 nachher
1602 4280 1909 4332 erwahnten
1945 4281 2195 4332 Friedens
2233 4294 2408 4345 genau
2446 4293 2538 4328 an-

304 4351 543 4419 gegeben
576 4351 709 4403 sind.
