<?xml version="1.0" encoding="UTF-8"?>
<!DOCTYPE html PUBLIC "-//W3C//DTD XHTML 1.0 Transitional//EN"
    "http://www.w3.org/TR/xhtml1/DTD/xhtml1-transitional.dtd">
<html xmlns="http://www.w3.org/1999/xhtml" xml:lang="en" lang="en">
 <head>
  <title>
</title>
<meta http-equiv="Content-Type" content="text/html;charset=utf-8" />
  <meta name='ocr-system' content='tesseract 3.04.00' />
  <meta name='ocr-capabilities' content='ocr_page ocr_carea ocr_par ocr_line ocrx_word'/>
</head>
<body>
  <div class='ocr_page' id='page_1' title='image "./chroniconsclavi01laspgoog_0113.png"; bbox 0 0 3158 5260; ppageno 0'>
   <div class='ocr_carea' id='block_1_1' title="bbox 214 1714 276 1756">
    <p class='ocr_par' dir='ltr' id='par_1_1' title="bbox 214 1714 276 1756">
     <span class='ocr_line' id='line_1_1' title="bbox 214 1714 276 1756; baseline 0 0"><span class='ocrx_word' id='word_1_1' title='bbox 214 1714 276 1756; x_wconf 87' lang='lat'>10</span> 
     </span>
    </p>
   </div>
   <div class='ocr_carea' id='block_1_2' title="bbox 214 2222 273 2264">
    <p class='ocr_par' dir='ltr' id='par_1_2' title="bbox 214 2222 273 2264">
     <span class='ocr_line' id='line_1_2' title="bbox 214 2222 273 2264; baseline -0.017 0"><span class='ocrx_word' id='word_1_2' title='bbox 214 2222 273 2264; x_wconf 75' lang='lat'>15</span> 
     </span>
    </p>
   </div>
   <div class='ocr_carea' id='block_1_3' title="bbox 212 2732 279 2774">
    <p class='ocr_par' dir='ltr' id='par_1_3' title="bbox 212 2732 279 2774">
     <span class='ocr_line' id='line_1_3' title="bbox 212 2732 279 2774; baseline -0.015 0"><span class='ocrx_word' id='word_1_3' title='bbox 212 2732 279 2774; x_wconf 81' lang='lat'>20</span> 
     </span>
    </p>
   </div>
   <div class='ocr_carea' id='block_1_4' title="bbox 1096 569 2542 636">
    <p class='ocr_par' dir='ltr' id='par_1_4' title="bbox 1096 569 2542 636">
     <span class='ocr_line' id='line_1_4' title="bbox 1096 569 2542 636; baseline 0.001 -5"><span class='ocrx_word' id='word_1_4' title='bbox 1096 576 1301 632; x_wconf 73' lang='lat' dir='ltr'><strong><em>PARS</em></strong></span> <span class='ocrx_word' id='word_1_5' title='bbox 1344 581 1390 631; x_wconf 87' lang='grc' dir='ltr'>Ι.</span> <span class='ocrx_word' id='word_1_6' title='bbox 1458 579 1619 633; x_wconf 76' lang='grc' dir='ltr'><strong><em>ΟΑΡ.</em></strong></span> <span class='ocrx_word' id='word_1_7' title='bbox 1663 576 1750 636; x_wconf 86' lang='lat'>11.</span> <span class='ocrx_word' id='word_1_8' title='bbox 2457 569 2542 633; x_wconf 74' lang='lat'>27</span> 
     </span>
    </p>
   </div>
   <div class='ocr_carea' id='block_1_5' title="bbox 315 776 2544 1151">
    <p class='ocr_par' dir='ltr' id='par_1_5' title="bbox 315 776 2544 1151">
     <span class='ocr_line' id='line_1_5' title="bbox 319 776 2541 862; baseline 0.002 -26"><span class='ocrx_word' id='word_1_9' title='bbox 319 776 434 836; x_wconf 87' lang='lat' dir='ltr'>His</span> <span class='ocrx_word' id='word_1_10' title='bbox 478 778 857 853; x_wconf 80' lang='lat' dir='ltr'><strong>temporibus</strong></span> <span class='ocrx_word' id='word_1_11' title='bbox 903 778 1101 839; x_wconf 86' lang='lat' dir='ltr'>multa</span> <span class='ocrx_word' id='word_1_12' title='bbox 1144 784 1290 838; x_wconf 80' lang='lat' dir='ltr'>sunt</span> <span class='ocrx_word' id='word_1_13' title='bbox 1334 778 1491 839; x_wconf 87' lang='lat' dir='ltr'>bella</span> <span class='ocrx_word' id='word_1_14' title='bbox 1533 784 1766 849; x_wconf 83' lang='lat' dir='ltr'>exorta,</span> <span class='ocrx_word' id='word_1_15' title='bbox 1813 779 1999 862; x_wconf 83' lang='lat' dir='ltr'>longo</span> <span class='ocrx_word' id='word_1_16' title='bbox 2045 784 2339 857; x_wconf 82' lang='lat' dir='ltr'>tempore,</span> <span class='ocrx_word' id='word_1_17' title='bbox 2384 780 2541 840; x_wconf 83' lang='lat' dir='ltr'>inter</span> 
     </span>
     <span class='ocr_line' id='line_1_6' title="bbox 316 877 2543 962; baseline 0.001 -24"><span class='ocrx_word' id='word_1_18' title='bbox 316 877 527 939; x_wconf 89' lang='lat' dir='ltr'>Danos</span> <span class='ocrx_word' id='word_1_19' title='bbox 594 892 653 937; x_wconf 79' lang='lat' dir='ltr'>et.</span> <span class='ocrx_word' id='word_1_20' title='bbox 713 878 1004 939; x_wconf 86' lang='lat' dir='ltr'>barbaros</span> <span class='ocrx_word' id='word_1_21' title='bbox 1029 878 1093 961; x_wconf 86' lang='lat'>¹).</span> <span class='ocrx_word' id='word_1_22' title='bbox 1184 878 1382 962; x_wconf 84' lang='lat' dir='ltr'>Igitur</span> <span class='ocrx_word' id='word_1_23' title='bbox 1448 894 1610 939; x_wconf 86' lang='lat' dir='ltr'>anno</span> <span class='ocrx_word' id='word_1_24' title='bbox 1669 878 2110 940; x_wconf 87' lang='lat' dir='ltr'>incarnationis</span> <span class='ocrx_word' id='word_1_25' title='bbox 2174 889 2365 953; x_wconf 85' lang='lat'>1001,</span> <span class='ocrx_word' id='word_1_26' title='bbox 2428 882 2543 942; x_wconf 86' lang='lat' dir='ltr'>hoc</span> 
     </span>
     <span class='ocr_line' id='line_1_7' title="bbox 315 980 2540 1062; baseline 0.002 -23"><span class='ocrx_word' id='word_1_27' title='bbox 315 989 408 1039; x_wconf 84' lang='lat' dir='ltr'>est</span> <span class='ocrx_word' id='word_1_28' title='bbox 448 981 511 1040; x_wconf 91' lang='lat' dir='ltr'>in</span> <span class='ocrx_word' id='word_1_29' title='bbox 558 983 680 1040; x_wconf 85' lang='lat' dir='ltr'>fine</span> <span class='ocrx_word' id='word_1_30' title='bbox 725 981 895 1062; x_wconf 85' lang='lat' dir='ltr'>regni</span> <span class='ocrx_word' id='word_1_31' title='bbox 933 980 1097 1041; x_wconf 86' lang='lat' dir='ltr'>tertii</span> <span class='ocrx_word' id='word_1_32' title='bbox 1135 980 1399 1050; x_wconf 74' lang='lat' dir='ltr'>Ottonis,</span> <span class='ocrx_word' id='word_1_33' title='bbox 1445 999 1585 1041; x_wconf 89' lang='lat' dir='ltr'>cum</span> <span class='ocrx_word' id='word_1_34' title='bbox 1631 983 1758 1041; x_wconf 89' lang='lat' dir='ltr'>iam</span> <span class='ocrx_word' id='word_1_35' title='bbox 1797 981 2116 1053; x_wconf 77' lang='lat' dir='ltr'>BolislauS,</span> <span class='ocrx_word' id='word_1_36' title='bbox 2162 981 2540 1044; x_wconf 88' lang='lat' dir='ltr'>Polonorum</span> 
     </span>
     <span class='ocr_line' id='line_1_8' title="bbox 315 1081 2544 1151; baseline 0.001 -9"><span class='ocrx_word' id='word_1_37' title='bbox 315 1101 418 1142; x_wconf 84' lang='lat' dir='ltr'>rex</span> <span class='ocrx_word' id='word_1_38' title='bbox 464 1081 1030 1151; x_wconf 84' lang='lat' dir='ltr'>christianissimus,</span> <span class='ocrx_word' id='word_1_39' title='bbox 1077 1081 1290 1142; x_wconf 87' lang='lat' dir='ltr'>Ottoni</span> <span class='ocrx_word' id='word_1_40' title='bbox 1335 1082 1517 1142; x_wconf 82' lang='lat' dir='ltr'>tertio</span> <span class='ocrx_word' id='word_1_41' title='bbox 1562 1083 2032 1143; x_wconf 80' lang='lat' dir='ltr'>confoederatus</span> <span class='ocrx_word' id='word_1_42' title='bbox 2080 1100 2322 1143; x_wconf 89' lang='lat' dir='ltr'>omnem</span> <span class='ocrx_word' id='word_1_43' title='bbox 2370 1082 2544 1145; x_wconf 81' lang='lat' dir='ltr'>Scla-</span> 
     </span>
    </p>
   </div>
   <div class='ocr_carea' id='block_1_6' title="bbox 296 1284 2543 3104">
    <p class='ocr_par' dir='ltr' id='par_1_6' title="bbox 296 1284 2543 3104">
     <span class='ocr_line' id='line_1_9' title="bbox 313 1284 2540 1367; baseline 0 -19"><span class='ocrx_word' id='word_1_44' title='bbox 313 1287 575 1348; x_wconf 79' lang='lat' dir='ltr'>Rutziae</span> <span class='ocrx_word' id='word_1_45' title='bbox 620 1308 693 1347; x_wconf 79' lang='lat' dir='ltr'>ac</span> <span class='ocrx_word' id='word_1_46' title='bbox 729 1287 1020 1347; x_wconf 86' lang='lat' dir='ltr'>Prutziae</span> <span class='ocrx_word' id='word_1_47' title='bbox 1057 1285 1349 1365; x_wconf 80' lang='lat' dir='ltr'>reliquias</span> <span class='ocrx_word' id='word_1_48' title='bbox 1390 1287 1449 1345; x_wconf 91' lang='lat' dir='ltr'>in</span> <span class='ocrx_word' id='word_1_49' title='bbox 1481 1285 1806 1346; x_wconf 86' lang='lat' dir='ltr'>Poloniam</span> <span class='ocrx_word' id='word_1_50' title='bbox 1833 1284 1879 1367; x_wconf 76' lang='lat'>²)</span> <span class='ocrx_word' id='word_1_51' title='bbox 1925 1287 2346 1357; x_wconf 81' lang='lat' dir='ltr'>transtulisset,</span> <span class='ocrx_word' id='word_1_52' title='bbox 2392 1287 2540 1349; x_wconf 80' lang='lat' dir='ltr'>Otto</span> 
     </span>
     <span class='ocr_line' id='line_1_10' title="bbox 313 1386 2541 1468; baseline 0.001 -21"><span class='ocrx_word' id='word_1_53' title='bbox 313 1390 529 1450; x_wconf 82' lang='lat' dir='ltr'>tertius</span> <span class='ocrx_word' id='word_1_54' title='bbox 598 1391 656 1448; x_wconf 85' lang='lat' dir='ltr'>in</span> <span class='ocrx_word' id='word_1_55' title='bbox 705 1390 903 1449; x_wconf 87' lang='lat' dir='ltr'>Roma</span> <span class='ocrx_word' id='word_1_56' title='bbox 959 1387 1243 1457; x_wconf 76' lang='lat' dir='ltr'>decessit,</span> <span class='ocrx_word' id='word_1_57' title='bbox 1299 1387 1421 1447; x_wconf 79' lang='lat' dir='ltr'>scil.</span> <span class='ocrx_word' id='word_1_58' title='bbox 1485 1407 1648 1448; x_wconf 84' lang='lat' dir='ltr'>anno</span> <span class='ocrx_word' id='word_1_59' title='bbox 1693 1387 1943 1448; x_wconf 87' lang='lat' dir='ltr'>Domini</span> <span class='ocrx_word' id='word_1_60' title='bbox 2001 1396 2163 1455; x_wconf 83' lang='lat'>1003</span> <span class='ocrx_word' id='word_1_61' title='bbox 2193 1386 2261 1468; x_wconf 80' lang='lat'>³).</span> <span class='ocrx_word' id='word_1_62' title='bbox 2350 1389 2380 1467; x_wconf 69' lang='grc' dir='ltr'><strong>ξ</strong></span> <span class='ocrx_word' id='word_1_63' title='bbox 2425 1389 2541 1450; x_wconf 91' lang='lat' dir='ltr'>Cui</span> 
     </span>
     <span class='ocr_line' id='line_1_11' title="bbox 309 1488 2542 1571; baseline 0 -20"><span class='ocrx_word' id='word_1_64' title='bbox 309 1493 601 1553; x_wconf 75' lang='lat' dir='ltr'>successit</span> <span class='ocrx_word' id='word_1_65' title='bbox 641 1490 947 1559; x_wconf 78' lang='lat' dir='ltr'>HinricuS,</span> <span class='ocrx_word' id='word_1_66' title='bbox 993 1488 1267 1549; x_wconf 81' lang='lat' dir='ltr'>*iustitia</span> <span class='ocrx_word' id='word_1_67' title='bbox 1313 1498 1374 1548; x_wconf 89' lang='lat' dir='ltr'>et</span> <span class='ocrx_word' id='word_1_68' title='bbox 1416 1489 1743 1549; x_wconf 72' lang='lat' dir='ltr'>sanctitate</span> <span class='ocrx_word' id='word_1_69' title='bbox 1790 1490 2095 1571; x_wconf 71' lang='lat' dir='ltr'>insignis*,</span> <span class='ocrx_word' id='word_1_70' title='bbox 2142 1492 2249 1569; x_wconf 87' lang='lat' dir='ltr'>qui</span> <span class='ocrx_word' id='word_1_71' title='bbox 2295 1489 2542 1552; x_wconf 79' lang='lat' dir='ltr'>Bauen-</span> 
     </span>
     <span class='ocr_line' id='line_1_12' title="bbox 296 1590 2540 1676; baseline -0.001 -22"><span class='ocrx_word' id='word_1_72' title='bbox 296 1595 675 1676; x_wconf 76' lang='lat' dir='ltr'>&#39;bergensem</span> <span class='ocrx_word' id='word_1_73' title='bbox 723 1592 1008 1653; x_wconf 81' lang='lat' dir='ltr'>fundavit</span> <span class='ocrx_word' id='word_1_74' title='bbox 1053 1591 1493 1669; x_wconf 80' lang='lat' dir='ltr'>episcopatum,</span> <span class='ocrx_word' id='word_1_75' title='bbox 1541 1592 1649 1669; x_wconf 82' lang='lat' dir='ltr'>qui</span> <span class='ocrx_word' id='word_1_76' title='bbox 1698 1592 2024 1669; x_wconf 81' lang='lat' dir='ltr'>imperavit</span> <span class='ocrx_word' id='word_1_77' title='bbox 2063 1592 2238 1651; x_wconf 89' lang='lat' dir='ltr'>annis</span> <span class='ocrx_word' id='word_1_78' title='bbox 2273 1590 2443 1653; x_wconf 76' lang='lat' dir='ltr'>XXII</span> <span class='ocrx_word' id='word_1_79' title='bbox 2464 1590 2540 1674; x_wconf 58' lang='lat'>4),</span> 
     </span>
     <span class='ocr_line' id='line_1_13' title="bbox 312 1692 2541 1775; baseline -0 -19"><span class='ocrx_word' id='word_1_80' title='bbox 312 1696 489 1773; x_wconf 91' lang='lat' dir='ltr'>cujus</span> <span class='ocrx_word' id='word_1_81' title='bbox 542 1697 712 1775; x_wconf 69' lang='lat' dir='ltr'>regni</span> <span class='ocrx_word' id='word_1_82' title='bbox 776 1713 938 1754; x_wconf 84' lang='lat' dir='ltr'>anno</span> <span class='ocrx_word' id='word_1_83' title='bbox 996 1692 1394 1754; x_wconf 80' lang='lat' dir='ltr'>X.-mortuus</span> <span class='ocrx_word' id='word_1_84' title='bbox 1452 1702 1542 1752; x_wconf 79' lang='lat' dir='ltr'>est</span> <span class='ocrx_word' id='word_1_85' title='bbox 1602 1692 1723 1752; x_wconf 89' lang='lat' dir='ltr'>dux</span> <span class='ocrx_word' id='word_1_86' title='bbox 1785 1692 2092 1753; x_wconf 79' lang='lat' dir='ltr'>Saxoniae</span> <span class='ocrx_word' id='word_1_87' title='bbox 2149 1693 2387 1763; x_wconf 78' lang='lat' dir='ltr'>Benno,</span> <span class='ocrx_word' id='word_1_88' title='bbox 2451 1695 2541 1755; x_wconf 89' lang='lat' dir='ltr'>vir</span> 
     </span>
     <span class='ocr_line' id='line_1_14' title="bbox 311 1792 2541 1874; baseline -0.001 -17"><span class='ocrx_word' id='word_1_89' title='bbox 311 1804 560 1857; x_wconf 85' lang='lat' dir='ltr'>sanctus</span> <span class='ocrx_word' id='word_1_90' title='bbox 630 1806 692 1857; x_wconf 84' lang='lat' dir='ltr'>et</span> <span class='ocrx_word' id='word_1_91' title='bbox 755 1796 1189 1856; x_wconf 75' lang='lat' dir='ltr'>*ecclesiarum</span> <span class='ocrx_word' id='word_1_92' title='bbox 1257 1792 1577 1855; x_wconf 71' lang='lat' dir='ltr'>defensor*</span> <span class='ocrx_word' id='word_1_93' title='bbox 1607 1793 1673 1874; x_wconf 79' lang='grc'>5).</span> <span class='ocrx_word' id='word_1_94' title='bbox 1766 1793 1957 1855; x_wconf 88' lang='lat' dir='ltr'>Cuius</span> <span class='ocrx_word' id='word_1_95' title='bbox 2003 1814 2315 1855; x_wconf 85' lang='lat' dir='ltr'>successor</span> <span class='ocrx_word' id='word_1_96' title='bbox 2382 1795 2541 1855; x_wconf 83' lang='lat' dir='ltr'>filius</span> 
     </span>
     <span class='ocr_line' id='line_1_15' title="bbox 312 1896 2541 1977; baseline 0 -20"><span class='ocrx_word' id='word_1_97' title='bbox 312 1898 446 1959; x_wconf 90' lang='lat' dir='ltr'>eius</span> <span class='ocrx_word' id='word_1_98' title='bbox 522 1897 899 1967; x_wconf 75' lang='lat' dir='ltr'>B‹·rnarduS,</span> <span class='ocrx_word' id='word_1_99' title='bbox 976 1900 1082 1977; x_wconf 87' lang='lat' dir='ltr'>qui</span> <span class='ocrx_word' id='word_1_100' title='bbox 1154 1897 1409 1958; x_wconf 87' lang='lat' dir='ltr'>Hinrico</span> <span class='ocrx_word' id='word_1_101' title='bbox 1469 1897 1880 1974; x_wconf 78' lang='lat' dir='ltr'>imperatori⁸</span> <span class='ocrx_word' id='word_1_102' title='bbox 1945 1896 2335 1957; x_wconf 72' lang='lat' dir='ltr'>*rebellavit*</span> <span class='ocrx_word' id='word_1_103' title='bbox 2400 1916 2541 1958; x_wconf 90' lang='lat' dir='ltr'>cum</span> 
     </span>
     <span class='ocr_line' id='line_1_16' title="bbox 313 1998 2541 2082; baseline -0 -22"><span class='ocrx_word' id='word_1_104' title='bbox 313 2009 446 2062; x_wconf 88' lang='lat' dir='ltr'>tota</span> <span class='ocrx_word' id='word_1_105' title='bbox 491 2002 792 2063; x_wconf 74' lang='lat' dir='ltr'>Saxonia.</span> <span class='ocrx_word' id='word_1_106' title='bbox 854 2001 1209 2079; x_wconf 79' lang='lat' dir='ltr'>multosque</span> <span class='ocrx_word' id='word_1_107' title='bbox 1260 2017 1371 2058; x_wconf 85' lang='lat' dir='ltr'>sua</span> <span class='ocrx_word' id='word_1_108' title='bbox 1430 2000 1648 2076; x_wconf 84' lang='lat' dir='ltr'>rapina</span> <span class='ocrx_word' id='word_1_109' title='bbox 1704 1999 1781 2059; x_wconf 87' lang='lat' dir='ltr'>ad</span> <span class='ocrx_word' id='word_1_110' title='bbox 1842 1998 2297 2059; x_wconf 75' lang='lat' dir='ltr'>*necessit-atem</span> <span class='ocrx_word' id='word_1_111' title='bbox 2344 2017 2541 2082; x_wconf 81' lang='lat' dir='ltr'>paga-</span> 
     </span>
     <span class='ocr_line' id='line_1_17' title="bbox 313 2100 2539 2187; baseline -0 -24"><span class='ocrx_word' id='word_1_112' title='bbox 313 2103 531 2164; x_wconf 82' lang='lat' dir='ltr'>nismi*</span> <span class='ocrx_word' id='word_1_113' title='bbox 575 2103 778 2187; x_wconf 72' lang='lat' dir='ltr'>coegit</span> <span class='ocrx_word' id='word_1_114' title='bbox 800 2102 868 2185; x_wconf 80' lang='grc'>6).</span> <span class='ocrx_word' id='word_1_115' title='bbox 950 2106 1104 2163; x_wconf 79' lang='lat' dir='ltr'>Cum</span> <span class='ocrx_word' id='word_1_116' title='bbox 1153 2101 1525 2181; x_wconf 90' lang='lat' dir='ltr'>principibus</span> <span class='ocrx_word' id='word_1_117' title='bbox 1572 2102 1758 2161; x_wconf 71' lang='lat' dir='ltr'>etiam</span> <span class='ocrx_word' id='word_1_118' title='bbox 1811 2102 2222 2171; x_wconf 76' lang='lat' dir='ltr'>winulorum,</span> <span class='ocrx_word' id='word_1_119' title='bbox 2268 2100 2539 2162; x_wconf 82' lang='lat' dir='ltr'>Mistowi</span> 
     </span>
     <span class='ocr_line' id='line_1_18' title="bbox 313 2202 2541 2283; baseline -0 -18"><span class='ocrx_word' id='word_1_120' title='bbox 313 2212 377 2265; x_wconf 88' lang='lat' dir='ltr'>et</span> <span class='ocrx_word' id='word_1_121' title='bbox 406 2205 757 2283; x_wconf 69' lang='lat' dir='ltr'>Missidrag,</span> <span class='ocrx_word' id='word_1_122' title='bbox 791 2205 1050 2264; x_wconf 84' lang='lat' dir='ltr'>multam</span> <span class='ocrx_word' id='word_1_123' title='bbox 1087 2203 1530 2282; x_wconf 83' lang='lat' dir='ltr'>displicentiam</span> <span class='ocrx_word' id='word_1_124' title='bbox 1571 2202 1800 2283; x_wconf 74' lang='lat' dir='ltr'>fecit37)</span> <span class='ocrx_word' id='word_1_125' title='bbox 1846 2202 1985 2263; x_wconf 84' lang='lat' dir='ltr'>ideo</span> <span class='ocrx_word' id='word_1_126' title='bbox 2021 2212 2172 2281; x_wconf 81' lang='lat' dir='ltr'>post,</span> <span class='ocrx_word' id='word_1_127' title='bbox 2212 2222 2351 2264; x_wconf 88' lang='lat' dir='ltr'>cum</span> <span class='ocrx_word' id='word_1_128' title='bbox 2385 2212 2541 2265; x_wconf 81' lang='lat' dir='ltr'>esset</span> 
     </span>
     <span class='ocr_line' id='line_1_19' title="bbox 317 2301 2540 2389; baseline -0 -21"><span class='ocrx_word' id='word_1_129' title='bbox 317 2308 666 2369; x_wconf 86' lang='lat' dir='ltr'>Bernardus</span> <span class='ocrx_word' id='word_1_130' title='bbox 720 2309 1055 2369; x_wconf 85' lang='lat' dir='ltr'>bellaturus</span> <span class='ocrx_word' id='word_1_131' title='bbox 1122 2311 1335 2365; x_wconf 78' lang='lat' dir='ltr'>contra</span> <span class='ocrx_word' id='word_1_132' title='bbox 1391 2324 1732 2375; x_wconf 80' lang='lat' dir='ltr'>caesarem,</span> <span class='ocrx_word' id='word_1_133' title='bbox 1804 2304 2005 2366; x_wconf 82' lang='lat' dir='ltr'>Sclavi</span> <span class='ocrx_word' id='word_1_134' title='bbox 2075 2312 2266 2365; x_wconf 77' lang='lat' dir='ltr'>totam</span> <span class='ocrx_word' id='word_1_135' title='bbox 2313 2301 2540 2389; x_wconf 88' lang='lat' dir='ltr'>[Nord-</span> 
     </span>
     <span class='ocr_line' id='line_1_20' title="bbox 314 2405 2536 2493; baseline -0 -23"><span class='ocrx_word' id='word_1_136' title='bbox 314 2410 650 2493; x_wconf 82' lang='lat' dir='ltr'>albingiam</span> <span class='ocrx_word' id='word_1_137' title='bbox 707 2412 746 2471; x_wconf 90' lang='lat' dir='ltr'>i.</span> <span class='ocrx_word' id='word_1_138' title='bbox 804 2405 884 2492; x_wconf 87' lang='lat' dir='ltr'>e.]</span> <span class='ocrx_word' id='word_1_139' title='bbox 940 2420 1166 2469; x_wconf 81' lang='lat' dir='ltr'>terram</span> <span class='ocrx_word' id='word_1_140' title='bbox 1223 2406 1603 2469; x_wconf 82' lang='lat' dir='ltr'>Stormariae</span> <span class='ocrx_word' id='word_1_141' title='bbox 1661 2411 1824 2467; x_wconf 87' lang='lat' dir='ltr'>ferro</span> <span class='ocrx_word' id='word_1_142' title='bbox 1881 2414 1942 2465; x_wconf 81' lang='lat' dir='ltr'>et</span> <span class='ocrx_word' id='word_1_143' title='bbox 1996 2408 2138 2489; x_wconf 84' lang='lat' dir='ltr'>igne</span> <span class='ocrx_word' id='word_1_144' title='bbox 2179 2406 2536 2487; x_wconf 88' lang='lat' dir='ltr'>depopulati</span> 
     </span>
     <span class='ocr_line' id='line_1_21' title="bbox 314 2509 2539 2588; baseline -0.001 -16"><span class='ocrx_word' id='word_1_145' title='bbox 314 2518 475 2575; x_wconf 87' lang='lat' dir='ltr'>sunt.</span> <span class='ocrx_word' id='word_1_146' title='bbox 567 2513 933 2574; x_wconf 85' lang='lat' dir='ltr'>Sacerdotes</span> <span class='ocrx_word' id='word_1_147' title='bbox 996 2510 1352 2571; x_wconf 87' lang='lat' dir='ltr'>occiderunt</span> <span class='ocrx_word' id='word_1_148' title='bbox 1398 2520 1644 2588; x_wconf 68' lang='lat' dir='ltr'>propter</span> <span class='ocrx_word' id='word_1_149' title='bbox 1690 2509 1870 2569; x_wconf 80' lang='lat' dir='ltr'>fldem</span> <span class='ocrx_word' id='word_1_150' title='bbox 1920 2516 1979 2568; x_wconf 85' lang='lat' dir='ltr'>et</span> <span class='ocrx_word' id='word_1_151' title='bbox 2024 2509 2300 2587; x_wconf 86' lang='lat' dir='ltr'>captivos</span> <span class='ocrx_word' id='word_1_152' title='bbox 2345 2509 2539 2570; x_wconf 86' lang='lat' dir='ltr'>duxe—</span> 
     </span>
     <span class='ocr_line' id='line_1_22' title="bbox 315 2608 2538 2695; baseline -0.002 -18"><span class='ocrx_word' id='word_1_153' title='bbox 315 2622 476 2689; x_wconf 83' lang='lat' dir='ltr'>runt,</span> <span class='ocrx_word' id='word_1_154' title='bbox 522 2628 580 2676; x_wconf 79' lang='lat' dir='ltr'>et</span> <span class='ocrx_word' id='word_1_155' title='bbox 631 2615 988 2695; x_wconf 77' lang='lat' dir='ltr'>praesertim</span> <span class='ocrx_word' id='word_1_156' title='bbox 1036 2611 1201 2692; x_wconf 72' lang='lat' dir='ltr'>apud</span> <span class='ocrx_word' id='word_1_157' title='bbox 1252 2608 1816 2693; x_wconf 70' lang='lat' dir='ltr'>Hammenburg.⁸)</span> <span class='ocrx_word' id='word_1_158' title='bbox 1905 2612 2298 2689; x_wconf 84' lang='lat' dir='ltr'>Presbyteros</span> <span class='ocrx_word' id='word_1_159' title='bbox 2351 2613 2538 2673; x_wconf 76' lang='lat' dir='ltr'>etiam</span> 
     </span>
     <span class='ocr_line' id='line_1_23' title="bbox 316 2714 2540 2798; baseline -0.002 -19"><span class='ocrx_word' id='word_1_160' title='bbox 316 2718 455 2789; x_wconf 83' lang='lat' dir='ltr'>Lx,</span> <span class='ocrx_word' id='word_1_161' title='bbox 535 2718 672 2778; x_wconf 81' lang='lat' dir='ltr'>aliis</span> <span class='ocrx_word' id='word_1_162' title='bbox 738 2717 993 2798; x_wconf 78' lang='lat' dir='ltr'>populib</span> <span class='ocrx_word' id='word_1_163' title='bbox 1060 2738 1231 2777; x_wconf 84' lang='lat' dir='ltr'>more</span> <span class='ocrx_word' id='word_1_164' title='bbox 1300 2716 1606 2796; x_wconf 84' lang='lat' dir='ltr'>pecudum</span> <span class='ocrx_word' id='word_1_165' title='bbox 1678 2716 2086 2782; x_wconf 67' lang='lat' dir='ltr'>obtruncatis,</span> <span class='ocrx_word' id='word_1_166' title='bbox 2153 2714 2270 2774; x_wconf 81' lang='lat' dir='ltr'>*ad</span> <span class='ocrx_word' id='word_1_167' title='bbox 2338 2715 2540 2775; x_wconf 88' lang='lat' dir='ltr'>maius</span> 
     </span>
     <span class='ocr_line' id='line_1_24' title="bbox 315 2816 2540 2900; baseline -0.001 -19"><span class='ocrx_word' id='word_1_168' title='bbox 315 2821 688 2882; x_wconf 75' lang='lat' dir='ltr'>ludibrium*</span> <span class='ocrx_word' id='word_1_169' title='bbox 732 2822 1089 2884; x_wconf 76' lang='lat' dir='ltr'>servabant.</span> <span class='ocrx_word' id='word_1_170' title='bbox 1144 2838 1410 2900; x_wconf 88' lang='lat' dir='ltr'>quorum</span> <span class='ocrx_word' id='word_1_171' title='bbox 1468 2819 1667 2879; x_wconf 83' lang='lat' dir='ltr'>maior</span> <span class='ocrx_word' id='word_1_172' title='bbox 1724 2819 1840 2879; x_wconf 85' lang='lat' dir='ltr'>loci</span> <span class='ocrx_word' id='word_1_173' title='bbox 1895 2818 2280 2896; x_wconf 79' lang='lat' dir='ltr'>praepositus</span> <span class='ocrx_word' id='word_1_174' title='bbox 2328 2816 2540 2878; x_wconf 79' lang='lat' dir='ltr'>Oddar</span> 
     </span>
     <span class='ocr_line' id='line_1_25' title="bbox 316 2907 2543 2992; baseline -0.001 -9"><span class='ocrx_word' id='word_1_175' title='bbox 316 2942 538 2984; x_wconf 90' lang='lat' dir='ltr'>nomen</span> <span class='ocrx_word' id='word_1_176' title='bbox 588 2923 819 2984; x_wconf 79' lang='lat' dir='ltr'>habuit.</span> <span class='ocrx_word' id='word_1_177' title='bbox 887 2907 1021 2981; x_wconf 33' lang='lat' dir='ltr'>*His</span> <span class='ocrx_word' id='word_1_178' title='bbox 1057 2921 1183 2992; x_wconf 71' lang='lat' dir='ltr'>Lx,</span> <span class='ocrx_word' id='word_1_179' title='bbox 1228 2923 1288 2982; x_wconf 93' lang='lat' dir='ltr'>in</span> <span class='ocrx_word' id='word_1_180' title='bbox 1336 2923 1456 2981; x_wconf 87' lang='lat' dir='ltr'>fine</span> <span class='ocrx_word' id='word_1_181' title='bbox 1500 2921 1838 2980; x_wconf 87' lang='lat' dir='ltr'>multorum</span> <span class='ocrx_word' id='word_1_182' title='bbox 1885 2926 2352 2990; x_wconf 86' lang='lat' dir='ltr'>tormentorum,</span> <span class='ocrx_word' id='word_1_183' title='bbox 2399 2925 2543 2980; x_wconf 87' lang='lat' dir='ltr'>cute</span> 
     </span>
     <span class='ocr_line' id='line_1_26' title="bbox 312 3021 2540 3104; baseline -0.001 -19"><span class='ocrx_word' id='word_1_184' title='bbox 312 3023 531 3104; x_wconf 86' lang='lat' dir='ltr'>capitis</span> <span class='ocrx_word' id='word_1_185' title='bbox 574 3026 637 3085; x_wconf 87' lang='lat' dir='ltr'>in</span> <span class='ocrx_word' id='word_1_186' title='bbox 686 3023 939 3085; x_wconf 87' lang='lat' dir='ltr'>modum</span> <span class='ocrx_word' id='word_1_187' title='bbox 987 3023 1184 3084; x_wconf 90' lang='lat' dir='ltr'>crucis</span> <span class='ocrx_word' id='word_1_188' title='bbox 1226 3023 1445 3094; x_wconf 84' lang='lat' dir='ltr'>incisa,</span> <span class='ocrx_word' id='word_1_189' title='bbox 1493 3025 1726 3083; x_wconf 85' lang='lat' dir='ltr'>ferrum</span> <span class='ocrx_word' id='word_1_190' title='bbox 1775 3023 2023 3083; x_wconf 87' lang='lat' dir='ltr'>cerebro</span> <span class='ocrx_word' id='word_1_191' title='bbox 2070 3041 2285 3083; x_wconf 87' lang='lat' dir='ltr'>eorum</span> <span class='ocrx_word' id='word_1_192' title='bbox 2332 3021 2540 3082; x_wconf 89' lang='lat' dir='ltr'>immi-</span> 
     </span>
    </p>
   </div>
   <div class='ocr_carea' id='block_1_7' title="bbox 312 3124 2537 3281">
    <p class='ocr_par' dir='ltr' id='par_1_7' title="bbox 312 3124 2537 3281">
     <span class='ocr_line' id='line_1_27' title="bbox 312 3124 2537 3210; baseline -0 -24"><span class='ocrx_word' id='word_1_193' title='bbox 312 3134 548 3196; x_wconf 84' lang='lat' dir='ltr'>serunt,</span> <span class='ocrx_word' id='word_1_194' title='bbox 597 3139 657 3185; x_wconf 84' lang='lat' dir='ltr'>et</span> <span class='ocrx_word' id='word_1_195' title='bbox 718 3127 938 3210; x_wconf 81' lang='lat' dir='ltr'>ligatis·</span> <span class='ocrx_word' id='word_1_196' title='bbox 978 3133 1115 3206; x_wconf 90' lang='lat' dir='ltr'>post</span> <span class='ocrx_word' id='word_1_197' title='bbox 1170 3132 1345 3207; x_wconf 78' lang='lat' dir='ltr'>terga</span> <span class='ocrx_word' id='word_1_198' title='bbox 1392 3125 1702 3196; x_wconf 80' lang='lat' dir='ltr'>manibuS,</span> <span class='ocrx_word' id='word_1_199' title='bbox 1757 3143 1864 3203; x_wconf 89' lang='lat' dir='ltr'>per</span> <span class='ocrx_word' id='word_1_200' title='bbox 1909 3125 2132 3185; x_wconf 82' lang='lat' dir='ltr'>multas</span> <span class='ocrx_word' id='word_1_201' title='bbox 2177 3124 2537 3186; x_wconf 83' lang='lat' dir='ltr'>Sclavorum</span> 
     </span>
     <span class='ocr_line' id='line_1_28' title="bbox 1148 3243 1184 3281; baseline 0 0"><span class='ocrx_word' id='word_1_202' title='bbox 1148 3243 1184 3281; x_wconf 75' lang='grc' dir='ltr'><strong><em>ο</em></strong></span> 
     </span>
    </p>
   </div>
   <div class='ocr_carea' id='block_1_8' title="bbox 413 3396 2539 3534">
    <p class='ocr_par' dir='ltr' id='par_1_8' title="bbox 413 3396 2539 3534">
     <span class='ocr_line' id='line_1_29' title="bbox 413 3396 2539 3465; baseline -0.001 -17"><span class='ocrx_word' id='word_1_203' title='bbox 413 3397 473 3460; x_wconf 77' lang='lat' dir='ltr'>a)</span> <span class='ocrx_word' id='word_1_204' title='bbox 511 3400 578 3448; x_wconf 87' lang='lat' dir='ltr'>So</span> <span class='ocrx_word' id='word_1_205' title='bbox 618 3401 755 3449; x_wconf 86' lang='lat' dir='ltr'>auch</span> <span class='ocrx_word' id='word_1_206' title='bbox 795 3400 845 3447; x_wconf 90' lang='lat' dir='ltr'>H</span> <span class='ocrx_word' id='word_1_207' title='bbox 860 3399 1128 3460; x_wconf 81' lang='lat' dir='ltr'>elmold3</span> <span class='ocrx_word' id='word_1_208' title='bbox 1176 3399 1276 3449; x_wconf 83' lang='lat' dir='ltr'>alle</span> <span class='ocrx_word' id='word_1_209' title='bbox 1325 3398 1638 3463; x_wconf 83' lang='lat' dir='ltr'>Ausgaben:</span> <span class='ocrx_word' id='word_1_210' title='bbox 1687 3402 1999 3465; x_wconf 72' lang='lat' dir='ltr'>imperatore.</span> <span class='ocrx_word' id='word_1_211' title='bbox 2215 3396 2277 3458; x_wconf 93' lang='lat' dir='ltr'>b)</span> <span class='ocrx_word' id='word_1_212' title='bbox 2327 3397 2420 3446; x_wconf 83' lang='lat' dir='ltr'>Ed.</span> <span class='ocrx_word' id='word_1_213' title='bbox 2460 3398 2539 3446; x_wconf 89' lang='lat' dir='ltr'>Li.</span> 
     </span>
     <span class='ocr_line' id='line_1_30' title="bbox 515 3464 1492 3534; baseline -0.001 -19"><span class='ocrx_word' id='word_1_214' title='bbox 515 3479 566 3515; x_wconf 82' lang='lat' dir='ltr'>et</span> <span class='ocrx_word' id='word_1_215' title='bbox 615 3469 682 3515; x_wconf 75' lang='lat' dir='ltr'>Fa</span> <span class='ocrx_word' id='word_1_216' title='bbox 717 3485 727 3515; x_wconf 92' lang='lat'><strong>:</strong></span> <span class='ocrx_word' id='word_1_217' title='bbox 756 3468 987 3534; x_wconf 64' lang='lat' dir='ltr'>popillia,</span> <span class='ocrx_word' id='word_1_218' title='bbox 1035 3466 1127 3516; x_wconf 81' lang='lat' dir='ltr'>Ed.</span> <span class='ocrx_word' id='word_1_219' title='bbox 1166 3464 1492 3532; x_wconf 44' lang='lat' dir='ltr'>puppopul&#39;.</span> 
     </span>
    </p>
   </div>
   <div class='ocr_carea' id='block_1_9' title="bbox 304 3703 2542 4380">
    <p class='ocr_par' dir='ltr' id='par_1_9' title="bbox 304 3703 2542 4380">
     <span class='ocr_line' id='line_1_31' title="bbox 311 3703 2538 3768; baseline -0.001 -13"><span class='ocrx_word' id='word_1_220' title='bbox 311 3706 527 3756; x_wconf 82' lang='lat' dir='ltr'>handelt</span> <span class='ocrx_word' id='word_1_221' title='bbox 554 3706 685 3757; x_wconf 71' lang='lat' dir='ltr'>iiber</span> <span class='ocrx_word' id='word_1_222' title='bbox 727 3706 866 3755; x_wconf 82' lang='lat' dir='ltr'>diese</span> <span class='ocrx_word' id='word_1_223' title='bbox 893 3707 1222 3755; x_wconf 82' lang='lat' dir='ltr'>Differeuzen</span> <span class='ocrx_word' id='word_1_224' title='bbox 1260 3705 1565 3755; x_wconf 87' lang='lat' dir='ltr'>Helmold</span> <span class='ocrx_word' id='word_1_225' title='bbox 1603 3722 1647 3754; x_wconf 80' lang='lat' dir='ltr'>a.</span> <span class='ocrx_word' id='word_1_226' title='bbox 1683 3722 1727 3753; x_wconf 86' lang='lat' dir='ltr'>a..</span> <span class='ocrx_word' id='word_1_227' title='bbox 1767 3705 1896 3767; x_wconf 68' lang='lat' dir='ltr'><strong>O.‚§</strong></span> <span class='ocrx_word' id='word_1_228' title='bbox 1924 3709 2104 3766; x_wconf 83' lang='lat'>5.—-7.,</span> <span class='ocrx_word' id='word_1_229' title='bbox 2140 3705 2222 3754; x_wconf 89' lang='lat' dir='ltr'>die</span> <span class='ocrx_word' id='word_1_230' title='bbox 2258 3703 2538 3768; x_wconf 81' lang='lat' dir='ltr'>angeblich</span> 
     </span>
     <span class='ocr_line' id='line_1_32' title="bbox 313 3771 2539 3834; baseline -0.001 -11"><span class='ocrx_word' id='word_1_231' title='bbox 313 3774 575 3834; x_wconf 79' lang='lat' dir='ltr'>dadurch,</span> <span class='ocrx_word' id='word_1_232' title='bbox 627 3774 747 3823; x_wconf 78' lang='lat' dir='ltr'>dass</span> <span class='ocrx_word' id='word_1_233' title='bbox 797 3773 910 3822; x_wconf 90' lang='lat' dir='ltr'>dem</span> <span class='ocrx_word' id='word_1_234' title='bbox 950 3772 1198 3822; x_wconf 72' lang='lat' dir='ltr'>Mistiwoi</span> <span class='ocrx_word' id='word_1_235' title='bbox 1241 3773 1318 3823; x_wconf 82' lang='lat' dir='ltr'>als</span> <span class='ocrx_word' id='word_1_236' title='bbox 1354 3775 1525 3822; x_wconf 85' lang='lat' dir='ltr'>einem</span> <span class='ocrx_word' id='word_1_237' title='bbox 1562 3772 1754 3822; x_wconf 88' lang='lat' dir='ltr'>Hunde</span> <span class='ocrx_word' id='word_1_238' title='bbox 1791 3773 1873 3821; x_wconf 88' lang='lat' dir='ltr'>die</span> <span class='ocrx_word' id='word_1_239' title='bbox 1913 3773 2066 3821; x_wconf 85' lang='lat' dir='ltr'>Hand</span> <span class='ocrx_word' id='word_1_240' title='bbox 2101 3772 2192 3822; x_wconf 88' lang='lat' dir='ltr'>der</span> <span class='ocrx_word' id='word_1_241' title='bbox 2227 3773 2414 3822; x_wconf 85' lang='lat' dir='ltr'>Nichte</span> <span class='ocrx_word' id='word_1_242' title='bbox 2449 3771 2539 3821; x_wconf 85' lang='lat' dir='ltr'>des</span> 
     </span>
     <span class='ocr_line' id='line_1_33' title="bbox 313 3838 2539 3906; baseline -0.002 -15"><span class='ocrx_word' id='word_1_243' title='bbox 313 3842 550 3906; x_wconf 78' lang='lat' dir='ltr'>Herzogs</span> <span class='ocrx_word' id='word_1_244' title='bbox 576 3847 785 3905; x_wconf 71' lang='lat' dir='ltr'>versagt</span> <span class='ocrx_word' id='word_1_245' title='bbox 817 3841 1044 3901; x_wconf 83' lang='lat' dir='ltr'>worden,</span> <span class='ocrx_word' id='word_1_246' title='bbox 1077 3840 1366 3890; x_wconf 79' lang='lat' dir='ltr'>veranlasst</span> <span class='ocrx_word' id='word_1_247' title='bbox 1397 3856 1585 3889; x_wconf 85' lang='lat' dir='ltr'>waren.</span> <span class='ocrx_word' id='word_1_248' title='bbox 1606 3866 1668 3874; x_wconf 85' lang='lat'><strong>—</strong></span> <span class='ocrx_word' id='word_1_249' title='bbox 1704 3840 1753 3888; x_wconf 84' lang='lat' dir='ltr'>S.</span> <span class='ocrx_word' id='word_1_250' title='bbox 1787 3841 1923 3889; x_wconf 85' lang='lat' dir='ltr'>auch</span> <span class='ocrx_word' id='word_1_251' title='bbox 1962 3840 2159 3889; x_wconf 85' lang='lat' dir='ltr'>Adam</span> <span class='ocrx_word' id='word_1_252' title='bbox 2185 3840 2379 3889; x_wconf 85' lang='lat' dir='ltr'>Brem.</span> <span class='ocrx_word' id='word_1_253' title='bbox 2423 3838 2539 3888; x_wconf 87' lang='lat' dir='ltr'>Lib.</span> 
     </span>
     <span class='ocr_line' id='line_1_34' title="bbox 312 3907 2542 3973; baseline -0.003 -14"><span class='ocrx_word' id='word_1_254' title='bbox 312 3911 378 3959; x_wconf 93' lang='lat'>11.</span> <span class='ocrx_word' id='word_1_255' title='bbox 416 3924 461 3958; x_wconf 92' lang='lat' dir='ltr'>c.</span> <span class='ocrx_word' id='word_1_256' title='bbox 494 3917 572 3957; x_wconf 81' lang='grc'>40.</span> <span class='ocrx_word' id='word_1_257' title='bbox 781 3907 835 3967; x_wconf 86' lang='grc'>8)</span> <span class='ocrx_word' id='word_1_258' title='bbox 884 3907 1055 3957; x_wconf 87' lang='lat' dir='ltr'>Ueber</span> <span class='ocrx_word' id='word_1_259' title='bbox 1100 3907 1191 3956; x_wconf 79' lang='lat' dir='ltr'>das</span> <span class='ocrx_word' id='word_1_260' title='bbox 1237 3908 1502 3972; x_wconf 86' lang='lat' dir='ltr'>Folgende</span> <span class='ocrx_word' id='word_1_261' title='bbox 1550 3908 1656 3973; x_wconf 83' lang='lat' dir='ltr'>vgl.</span> <span class='ocrx_word' id='word_1_262' title='bbox 1707 3907 2009 3957; x_wconf 85' lang='lat' dir='ltr'>Helmold</span> <span class='ocrx_word' id='word_1_263' title='bbox 2058 3923 2169 3972; x_wconf 87' lang='lat' dir='ltr'>cap.</span> <span class='ocrx_word' id='word_1_264' title='bbox 2215 3914 2286 3956; x_wconf 81' lang='lat'>16.</span> <span class='ocrx_word' id='word_1_265' title='bbox 2328 3909 2357 3967; x_wconf 65' lang='grc' dir='ltr'>ἓ</span> <span class='ocrx_word' id='word_1_266' title='bbox 2396 3913 2439 3956; x_wconf 89' lang='grc'>8.</span> <span class='ocrx_word' id='word_1_267' title='bbox 2478 3912 2542 3968; x_wconf 85' lang='grc'>9.,</span> 
     </span>
     <span class='ocr_line' id='line_1_35' title="bbox 314 3975 2541 4034; baseline -0.001 -8"><span class='ocrx_word' id='word_1_268' title='bbox 314 3976 635 4026; x_wconf 78' lang='lat' dir='ltr'>Albertus</span> <span class='ocrx_word' id='word_1_269' title='bbox 679 3977 845 4025; x_wconf 60' lang='lat' dir='ltr'>Stad.</span> <span class='ocrx_word' id='word_1_270' title='bbox 884 3976 947 4024; x_wconf 73' lang='lat' dir='ltr'>ad</span> <span class='ocrx_word' id='word_1_271' title='bbox 987 3978 1050 4024; x_wconf 83' lang='lat' dir='ltr'>A.</span> <span class='ocrx_word' id='word_1_272' title='bbox 1099 3981 1220 4023; x_wconf 84' lang='grc'><strong>1001</strong></span> <span class='ocrx_word' id='word_1_273' title='bbox 1264 3992 1313 4025; x_wconf 89' lang='lat' dir='ltr'>u.</span> <span class='ocrx_word' id='word_1_274' title='bbox 1351 3975 1548 4024; x_wconf 77' lang='lat' dir='ltr'>Adam</span> <span class='ocrx_word' id='word_1_275' title='bbox 1587 3976 1782 4024; x_wconf 86' lang='lat' dir='ltr'>Brem.</span> <span class='ocrx_word' id='word_1_276' title='bbox 1820 3992 1866 4024; x_wconf 71' lang='lat' dir='ltr'>a.</span> <span class='ocrx_word' id='word_1_277' title='bbox 1904 3993 1949 4024; x_wconf 83' lang='lat' dir='ltr'>a.</span> <span class='ocrx_word' id='word_1_278' title='bbox 1989 3976 2051 4024; x_wconf 90' lang='grc' dir='ltr'>Ο.</span> <span class='ocrx_word' id='word_1_279' title='bbox 2087 3992 2131 4024; x_wconf 92' lang='lat' dir='ltr'>c.</span> <span class='ocrx_word' id='word_1_280' title='bbox 2163 3981 2269 4034; x_wconf 79' lang='grc'>41.,</span> <span class='ocrx_word' id='word_1_281' title='bbox 2313 3975 2541 4025; x_wconf 81' lang='lat' dir='ltr'>welcher</span> 
     </span>
     <span class='ocr_line' id='line_1_36' title="bbox 311 4043 2540 4106; baseline 0 -13"><span class='ocrx_word' id='word_1_282' title='bbox 311 4045 390 4094; x_wconf 84' lang='lat' dir='ltr'>als</span> <span class='ocrx_word' id='word_1_283' title='bbox 424 4045 565 4095; x_wconf 82' lang='lat' dir='ltr'>scine</span> <span class='ocrx_word' id='word_1_284' title='bbox 606 4044 791 4105; x_wconf 80' lang='lat' dir='ltr'>anlle</span> <span class='ocrx_word' id='word_1_285' title='bbox 830 4044 927 4092; x_wconf 87' lang='lat' dir='ltr'>den</span> <span class='ocrx_word' id='word_1_286' title='bbox 965 4043 1355 4106; x_wconf 56' lang='lat' dir='ltr'>Danen-Kbnig</span> <span class='ocrx_word' id='word_1_287' title='bbox 1402 4044 1525 4092; x_wconf 82' lang='lat' dir='ltr'>Otto</span> <span class='ocrx_word' id='word_1_288' title='bbox 1563 4045 1722 4092; x_wconf 73' lang='lat' dir='ltr'>Svcin</span> <span class='ocrx_word' id='word_1_289' title='bbox 1771 4055 1943 4098; x_wconf 77' lang='lat' dir='ltr'>neunt,</span> <span class='ocrx_word' id='word_1_290' title='bbox 1981 4044 2085 4093; x_wconf 90' lang='lat' dir='ltr'>und</span> <span class='ocrx_word' id='word_1_291' title='bbox 2123 4044 2306 4094; x_wconf 76' lang='lat' dir='ltr'>dessen</span> <span class='ocrx_word' id='word_1_292' title='bbox 2346 4043 2540 4093; x_wconf 67' lang='lat' dir='ltr'>Erzith-</span> 
     </span>
     <span class='ocr_line' id='line_1_37' title="bbox 310 4110 2536 4177; baseline -0.001 -16"><span class='ocrx_word' id='word_1_293' title='bbox 310 4112 443 4176; x_wconf 83' lang='lat' dir='ltr'>lung</span> <span class='ocrx_word' id='word_1_294' title='bbox 476 4111 559 4161; x_wconf 85' lang='lat' dir='ltr'>die</span> <span class='ocrx_word' id='word_1_295' title='bbox 598 4112 775 4160; x_wconf 82' lang='lat' dir='ltr'>Worte</span> <span class='ocrx_word' id='word_1_296' title='bbox 812 4111 1119 4176; x_wconf 81' lang='lat' dir='ltr'>hinzufiigt:</span> <span class='ocrx_word' id='word_1_297' title='bbox 1175 4111 1336 4159; x_wconf 74' lang='lat' dir='ltr'>,llulta</span> <span class='ocrx_word' id='word_1_298' title='bbox 1386 4114 1433 4156; x_wconf 78' lang='lat' dir='ltr'>iu</span> <span class='ocrx_word' id='word_1_299' title='bbox 1485 4111 1614 4159; x_wconf 74' lang='lat' dir='ltr'>hem(-</span> <span class='ocrx_word' id='word_1_300' title='bbox 1651 4111 1844 4159; x_wconf 75' lang='lat' dir='ltr'>modum</span> <span class='ocrx_word' id='word_1_301' title='bbox 1873 4130 1970 4177; x_wconf 75' lang='lat' dir='ltr'>per</span> <span class='ocrx_word' id='word_1_302' title='bbox 2003 4112 2236 4161; x_wconf 67' lang='lat' dir='ltr'>dicer-sas</span> <span class='ocrx_word' id='word_1_303' title='bbox 2272 4110 2536 4160; x_wconf 70' lang='lat' dir='ltr'>Slavorum</span> 
     </span>
     <span class='ocr_line' id='line_1_38' title="bbox 304 4178 2539 4245; baseline 0.001 -19"><span class='ocrx_word' id='word_1_304' title='bbox 304 4182 598 4244; x_wconf 66' lang='lat' dir='ltr'>provincia-&lt;e</span> <span class='ocrx_word' id='word_1_305' title='bbox 660 4189 774 4228; x_wconf 67' lang='grc' dir='ltr'>ωηο</span> <span class='ocrx_word' id='word_1_306' title='bbox 804 4179 957 4243; x_wconf 73' lang='lat' dir='ltr'>saeta</span> <span class='ocrx_word' id='word_1_307' title='bbox 1002 4188 1353 4228; x_wconf 72' lang='lat' dir='ltr'>memorantur.</span> <span class='ocrx_word' id='word_1_308' title='bbox 1403 4197 1531 4243; x_wconf 71' lang='lat' dir='ltr'>quae</span> <span class='ocrx_word' id='word_1_309' title='bbox 1578 4181 1874 4244; x_wconf 67' lang='lat' dir='ltr'>scriptorum</span> <span class='ocrx_word' id='word_1_310' title='bbox 1917 4183 2135 4245; x_wconf 58' lang='lat' dir='ltr'>pennula</span> <span class='ocrx_word' id='word_1_311' title='bbox 2183 4196 2312 4228; x_wconf 62' lang='lat' dir='ltr'>num*</span> <span class='ocrx_word' id='word_1_312' title='bbox 2357 4178 2539 4228; x_wconf 76' lang='lat' dir='ltr'>haben-</span> 
     </span>
     <span class='ocr_line' id='line_1_39' title="bbox 314 4244 2539 4313; baseline 0.001 -20"><span class='ocrx_word' id='word_1_313' title='bbox 314 4257 399 4294; x_wconf 76' lang='lat' dir='ltr'>tur</span> <span class='ocrx_word' id='word_1_314' title='bbox 432 4248 785 4313; x_wconf 61' lang='lat' dir='ltr'>prosultatis.</span> <span class='ocrx_word' id='word_1_315' title='bbox 886 4245 963 4294; x_wconf 77' lang='lat' dir='ltr'>De</span> <span class='ocrx_word' id='word_1_316' title='bbox 1001 4246 1178 4312; x_wconf 70' lang='lat' dir='ltr'>qm&#39;lms</span> <span class='ocrx_word' id='word_1_317' title='bbox 1218 4265 1326 4295; x_wconf 61' lang='lat' dir='ltr'>omn</span> <span class='ocrx_word' id='word_1_318' title='bbox 1370 4264 1535 4308; x_wconf 70' lang='lat' dir='ltr'>reyem</span> <span class='ocrx_word' id='word_1_319' title='bbox 1578 4247 1797 4312; x_wconf 66' lang='lat' dir='ltr'>amplius</span> <span class='ocrx_word' id='word_1_320' title='bbox 1846 4250 2238 4312; x_wconf 62' lang='lat' dir='ltr'>interr-oyaroms</span> <span class='ocrx_word' id='word_1_321' title='bbox 2298 4244 2539 4306; x_wconf 54' lang='lat' dir='ltr'>„Ceam-‘⁸</span> 
     </span>
     <span class='ocr_line' id='line_1_40' title="bbox 311 4312 2538 4380; baseline 0.001 -20"><span class='ocrx_word' id='word_1_322' title='bbox 311 4317 494 4380; x_wconf 67' lang='lat' dir='ltr'>inquit,</span> <span class='ocrx_word' id='word_1_323' title='bbox 544 4317 646 4363; x_wconf 81' lang='grc' dir='ltr'>..ιηί</span> <span class='ocrx_word' id='word_1_324' title='bbox 675 4315 784 4378; x_wconf 70' lang='lat' dir='ltr'>fili,</span> <span class='ocrx_word' id='word_1_325' title='bbox 834 4322 998 4362; x_wconf 66' lang='lat' dir='ltr'>tanton</span> <span class='ocrx_word' id='word_1_326' title='bbox 1034 4315 1268 4362; x_wconf 71' lang='lat' dir='ltr'>habemns</span> <span class='ocrx_word' id='word_1_327' title='bbox 1309 4317 1356 4360; x_wconf 77' lang='lat' dir='ltr'>e&#39;u</span> <span class='ocrx_word' id='word_1_328' title='bbox 1403 4313 1572 4362; x_wconf 73' lang='lat' dir='ltr'>[mnia</span> <span class='ocrx_word' id='word_1_329' title='bbox 1623 4315 1706 4360; x_wconf 72' lang='lat' dir='ltr'>rel</span> <span class='ocrx_word' id='word_1_330' title='bbox 1737 4312 2012 4364; x_wconf 63' lang='lat' dir='ltr'>Solae-ania</span> <span class='ocrx_word' id='word_1_331' title='bbox 2051 4323 2324 4376; x_wconf 61' lang='lat' dir='ltr'>martyrae.</span> <span class='ocrx_word' id='word_1_332' title='bbox 2363 4322 2422 4361; x_wconf 70' lang='lat' dir='ltr'>ut</span> <span class='ocrx_word' id='word_1_333' title='bbox 2455 4316 2538 4363; x_wconf 67' lang='lat' dir='ltr'>ria·</span> 
     </span>
    </p>
   </div>
   <div class='ocr_carea' id='block_1_10' title="bbox 288 4381 1109 4456">
    <p class='ocr_par' dir='ltr' id='par_1_10' title="bbox 288 4381 1109 4456">
     <span class='ocr_line' id='line_1_41' title="bbox 288 4381 1109 4456; baseline -0.004 -29"><span class='ocrx_word' id='word_1_334' title='bbox 288 4384 504 4456; x_wconf 59' lang='lat' dir='ltr'>possint</span> <span class='ocrx_word' id='word_1_335' title='bbox 540 4382 667 4438; x_wconf 71' lang='lat' dir='ltr'>libro</span> <span class='ocrx_word' id='word_1_336' title='bbox 700 4381 1109 4449; x_wconf 75' lang='lat' dir='ltr'>comprehendi.“.</span> 
     </span>
    </p>
   </div>
   <div class='ocr_carea' id='block_1_11' title="bbox 313 1181 2810 1265">
    <p class='ocr_par' dir='ltr' id='par_1_11' title="bbox 313 1181 2810 1265">
     <span class='ocr_line' id='line_1_42' title="bbox 313 1181 2810 1265; baseline 0.003 -22"><span class='ocrx_word' id='word_1_337' title='bbox 313 1185 511 1255; x_wconf 86' lang='lat' dir='ltr'>viam,</span> <span class='ocrx_word' id='word_1_338' title='bbox 578 1204 744 1264; x_wconf 83' lang='lat' dir='ltr'>quae</span> <span class='ocrx_word' id='word_1_339' title='bbox 808 1191 901 1244; x_wconf 88' lang='lat' dir='ltr'>est</span> <span class='ocrx_word' id='word_1_340' title='bbox 958 1184 1126 1245; x_wconf 87' lang='lat' dir='ltr'>ultra</span> <span class='ocrx_word' id='word_1_341' title='bbox 1192 1182 1491 1245; x_wconf 85' lang='lat' dir='ltr'>Oderam.</span> <span class='ocrx_word' id='word_1_342' title='bbox 1552 1182 1657 1244; x_wconf 89' lang='lat' dir='ltr'>diu</span> <span class='ocrx_word' id='word_1_343' title='bbox 1693 1181 1710 1265; x_wconf 67' lang='lat' dir='ltr'>l!</span> <span class='ocrx_word' id='word_1_344' title='bbox 1748 1185 1991 1245; x_wconf 85' lang='lat' dir='ltr'>tributis</span> <span class='ocrx_word' id='word_1_345' title='bbox 2064 1184 2420 1245; x_wconf 85' lang='lat' dir='ltr'>subiecisset</span> <span class='ocrx_word' id='word_1_346' title='bbox 2480 1193 2544 1246; x_wconf 89' lang='lat' dir='ltr'>et</span> <span class='ocrx_word' id='word_1_347' title='bbox 2565 1187 2810 1252; x_wconf 63' lang='lat' dir='ltr'>Folcb·</span> 
     </span>
    </p>
   </div>
  </div>
 </body>
</html>
