3158 5260
698 563 826 631 376

702 789 866 838 usque
904 773 967 825 ad
1004 773 1238 825 confines
1267 769 1693 838 Hammenlburg.
1748 773 1817 823 Et
1851 775 1989 824 fama
2024 779 2292 825 crescente
2328 773 2392 825 de
2426 773 2511 824 his
2547 772 2815 839 capitibus
2848 765 2921 835 et!

700 842 1009 903 vinculatis,
1058 840 1485 906 Hamburgenses
1542 842 1847 907 compuncti
1894 847 2043 904 sunt,
2103 849 2155 891 et
2198 849 2501 893 sauctorum
2546 837 2793 906 vestilgia
2837 855 2923 904 pro

700 909 892 959 Christi
942 911 1154 959 nomine
1200 915 1323 959 sunt
1368 910 1564 972 secuti,
1613 915 1666 959 et
1711 916 1921 960 sanctos
1968 925 2091 960 cum
2126 910 2428 960 huiusmodi
2462 905 2470 975 Ι
2505 908 2773 975 capitibus
2819 911 2924 957 sive

697 977 942 1041 reliquiis
989 978 1286 1042 gratissime
1336 983 1681 1042 susceperunt
1694 974 1736 1041 ,Ι
1789 992 1949 1041 seque
2000 979 2360 1044 paratissimos
2408 980 2542 1029 mori
2587 993 2681 1043 pro
2720 976 2922 1027 Christo

700 1044 1070 1096 exhibuerunt.
1142 1040 1350 1109 Sancti!
1383 1060 1526 1107 vero,
1556 1060 1678 1095 cum
1709 1052 1829 1109 post
1854 1046 2104 1110 temporis
2138 1045 2475 1097 intervallum
2500 1045 2681 1109 aliqua
2706 1058 2925 1109 corpora

700 1113 755 1162 in
807 1107 1223 1177 Hammenlburg
1285 1112 1681 1174 exhumassent‚
1741 1118 1800 1162 ut
1851 1112 1917 1162 ad
1972 1111 2155 1163 vrbem
2206 1113 2497 1163 Romanam
2552 1108 2924 1178 perlducerent,

695 1182 893 1231 facturn
931 1186 1037 1243 est,
1074 1195 1195 1231 cum
1231 1181 1594 1245 pervenissent
1639 1182 1694 1229 in
1731 1180 1935 1242 locum,
1983 1180 2125 1244 quod
2172 1179 2330 1243 (sicl)
2382 1182 2575 1231 dicitur
2606 1175 2616 1244 Ι
2645 1178 2924 1242 Ebkstorp,

428 1252 668 1304 F01.11b·
701 1247 794 1298 ubi
829 1253 956 1298 tunc
992 1248 1095 1297 viri
1129 1246 1367 1312 religiosi
1402 1249 1459 1297 in
1493 1247 1680 1298 habitu
1716 1248 1835 1299 albo
1863 1243 1880 1312 ΙΙ
1912 1247 2120 1299 Christo
2158 1248 2551 1311 deserviebant,
2584 1263 2774 1298 currus
2809 1250 2925 1296 sunt

462 1321 635 1372 001,1,
697 1315 953 1366 divinitus
998 1315 1160 1376 tenti,
1207 1316 1464 1380 sanguine
1494 1311 1502 1380 Ι
1540 1316 1605 1366 de
1640 1317 1791 1367 terris
1827 1314 2146 1366 exuberante
2183 1318 2240 1366 in
2274 1315 2437 1367 sulcis
2472 1318 2587 1368 sive
2633 1316 2689 1365 in
2727 1313 2924 1374 orbitis,

701 1379 809 1448 ital
846 1391 902 1433 ut
949 1382 1229 1447 quibusvis
1278 1382 1438 1434 boum
1494 1382 1709 1449 paribus
1758 1384 1959 1434 moveri
2007 1399 2113 1434 non
2164 1379 2411 1450 poslsent.
2494 1384 2620 1435 Ideo
2673 1381 2923 1445 reliquiae

699 1451 893 1502 ibidem
931 1452 1196 1515 depositae
1235 1457 1286 1500 et
1313 1452 1632 1513 reconditae,
1669 1446 1857 1516 adlhuc
1888 1451 1945 1500 iu
1981 1450 2157 1501 debita
2190 1453 2483 1503 reverentia
2516 1462 2568 1502 et
2591 1450 2923 1502 veneratione

699 1525 1044 1580 reservantur,
1072 1514 1081 1583 Ι
1110 1524 1184 1581 ut,
1221 1534 1354 1583 quos
1386 1519 1676 1585 spiritualis
1703 1519 1965 1569 amicitiae
1993 1535 2161 1570 nexus
2195 1521 2252 1569 in
2286 1521 2398 1570 vita
2431 1514 2925 1582 confoedeiraverat,

698 1585 904 1637 illibato
941 1585 1149 1637 foedere
1186 1595 1237 1637 et
1269 1588 1326 1636 in
1361 1593 1526 1638 morte
1570 1595 1777 1637 servato
1824 1603 1915 1652 per
1944 1581 1952 1652 Ι
1997 1588 2300 1653 provincias
2343 1602 2449 1638 non
2485 1588 2926 1653 dispergerentur,

697 1660 757 1705 ut
789 1670 897 1705 non
941 1659 1145 1704 tantum
1187 1653 1491 1705 huiusmodi
1524 1650 1533 1720 Ι
1569 1654 1943 1705 celeberrimae
1978 1654 2233 1719 reliquiae
2268 1654 2453 1707 alienis
2488 1656 2741 1719 suffragia
2778 1653 2926 1701 mini·

697 1717 939 1786 stralrent
971 1721 1187 1784 salutis,
1228 1722 1320 1773 sed
1366 1728 1419 1772 et
1464 1724 1576 1774 suis
1626 1724 1909 1788 proximis,
1956 1724 2048 1788 qui
2095 1720 2508 1787 se'dilexelrant
2551 1729 2604 1773 et
2646 1722 2711 1771 de
2747 1734 2926 1772 eorum

697 1791 952 1920 martyrio¹
995 1790 1193 1841 recenti
1237 1789 1583 1855 gaudebantst
1623 1791 1690 1841 ad
1732 1790 1940 1841 laudem
1987 1795 2041 1841 et
2085 1790 2340 1842 honorem
2382 1792 2482 1842 Dei
2508 1788 2926 1855 omnipotentis,

737 1859 792 1907 ui
826 1863 922 1908 etc.

699 1873 733 1922 q
832 1930 878 1973 2.
949 1921 1257 1987 Sciendum,
1292 1924 1432 1990 quod
1465 1923 1695 1976 Karolus
1739 1941 1990 1990 magnus,
2035 1932 2162 1976 tunc
2208 1927 2462 1992 temporis
2508 1942 2602 1977 rex
2637 1919 2928 1987 Franlciae,

699 2006 836 2042 anuo
871 1990 1078 2042 scilicet
1119 1996 1197 2041 17.
1230 1994 1464 2057 imperii,
1510 1992 1844 2043 Constantini
1892 1995 2115 2058 septimo
2136 1991 2214 2057 ὅ),
2260 1995 2352 2059 qui
2389 1995 2492 2044 fuit
2524 2010 2693 2044 annus
2731 1990 2928 2042 Christi

700 2064 839 2122 798„
882 2065 1072 2109 terram
1105 2054 1113 2124 Ι
1148 2058 1628 2125 Nordalbingorum
1665 2060 1747 2119 (id
1783 2066 1863 2113 est
1895 2060 2157 2122 Hadelen)
2196 2078 2317 2114 cum
2351 2061 2594 2127 pluribus
2640 2060 2763 2111 aliis
2800 2059 2926 2122 iugo

696 2127 817 2179 fidei
861 2125 1106 2193 sublegit.
1174 2127 1243 2177 Et
1284 2129 1341 2178 in
1386 2135 1557 2180 castro
1596 2125 1895 2193 Hemonisst
1944 2129 1999 2179 id
2045 2136 2124 2180 est
2157 2131 2339 2192 Jovis,
2392 2130 2445 2179 in
2490 2128 2768 2193 Hamborg
2823 2125 2930 2192 epi-

697 2202 970 2261 scopatum
1030 2194 1301 2258 fundavit,
1370 2192 1658 2261 totamlque
1717 2197 2001 2247 Saxoniam
2062 2198 2116 2247 in
2184 2197 2504 2248 deditionem
2567 2196 2809 2260 accepit,
2880 2198 2930 2243 et

696 2271 934 2315 sanctum
969 2258 1308 2329 Geridalgum
1351 2264 1581 2330 primum
1616 2265 1924 2331 episcopum
1969 2265 2024 2314 in
2059 2264 2332 2331 Hamborg
2367 2265 2660 2326 constituit,
2693 2255 2925 2330 faciens!

696 2343 818 2381 eum
862 2330 1324 2396 metropolitanum
1369 2334 1576 2383 cunctis
1613 2332 1926 2384 Sclauorum
1973 2339 2025 2383 et
2065 2328 2353 2397 Danolrum
2400 2333 2577 2394 terris,
2628 2347 2735 2396 quo
2786 2330 2926 2379 facto

694 2398 922 2450 Karolus
961 2398 1354 2464 Aquisgranum
1399 2396 1718 2462 revertitur-‚l
1808 2399 1911 2451 Sed
1959 2401 2085 2465 quia
2128 2416 2237 2451 nou
2274 2401 2431 2467 longe
2474 2406 2593 2466 post
2625 2398 2927 2461 Geridagus

695 2468 930 2529 moritur,
965 2472 1018 2517 et
1051 2482 1135 2518 res
1170 2477 1382 2519 sanctae
1405 2463 1411 2533 Ι
1433 2467 1556 2518 fidei
1592 2469 1766 2518 minus
1789 2467 2071 2532 vigilanter
2093 2470 2282 2533 agitur,
2318 2468 2545 2519 Karolus
2574 2482 2698 2518 vero
2736 2465 2928 2516 dehinc

694 2549 832 2585 anno
869 2534 1066 2585 Christi
1105 2539 1223 2584 sol.
1257 2529 1263 2598 Ι
1302 2538 1357 2586 in
1405 2537 1683 2601 imperium
1728 2537 1944 2601 eligitur
1988 2543 2040 2587 et
2084 2537 2304 2588 diversis
2353 2535 2505 2587 bellis
2552 2541 2604 2586 et
2659 2527 2925 2599 negotiis!

694 2600 1018 2666 distrahitur,
1054 2602 1173 2654 ideo
1208 2602 1351 2656 filius
1387 2604 1501 2656 eius
1535 2604 1842 2656 Lutowicus
1877 2605 2020 2670 pius,
2056 2606 2193 2671 patri
2230 2600 2236 2669 Ι
2268 2603 2557 2656 succedens
2592 2604 2648 2655 in
2682 2602 2928 2669 imperi0‚

694 2673 905 2722 intuens
939 2676 1064 2721 vota
1097 2675 1337 2737 paterna,
1377 2668 1649 2737 sanctum!
1685 2674 1999 2724 Anscarium
2034 2675 2090 2723 in
2126 2673 2302 2724 locum
2340 2672 2589 2739 Geridagi
2625 2672 2833 2733 statuit,
2869 2683 2928 2718 ac

695 2739 958 2789 universis
988 2733 997 2803 Ι
1038 2737 1275 2804 partibus
1342 2738 1645 2791 borealibus
1709 2740 2166 2805 metropolitanum
2226 2742 2369 2791 fecit.
2474 2741 2580 2791 Hic
2635 2739 2927 2789 multorum

695 2811 910 2871 pectora
941 2806 1136 2870 frigida
1169 2806 1235 2858 ad
1268 2806 1533 2858 Christum
1568 2807 1802 2868 resolvit,
1838 2807 2167 2870 Sclauorum,
2204 2810 2490 2870 Danorum‚
2526 2815 2579 2858 et
2615 2808 2926 2858 Swecorum

694 2879 850 2937 atque
904 2874 1400 2939 Nordalbingorum.
1491 2875 1609 2937 Quo
1642 2871 1649 2940 Ι
1687 2876 1933 2927 defuncto
1986 2878 2242 2927 successit
2294 2876 2345 2926 ei
2390 2875 2755 2941 Reymbertus.
2828 2872 2927 2924 Cui

696 2937 1060 3006 Adelgai·ius;{
1095 2943 1185 2994 cui
1219 2943 1491 3008 Hogerus3
1537 2945 1627 2996 cui
1661 2943 2044 3008 Reynwardus3
2081 2945 2168 2993 cui
2205 2940 2406 3008 Vnni31
2447 2947 2536 2993 cui
2583 2941 2926 3006 Adelgaldus,

694 3015 913 3059 octavus
937 3011 1219 3075 episcopus
1246 3010 1800 3076 Hammenburgensis,
1833 3018 1886 3061 et
1913 3007 2103 3076 ceteri-l
2156 3011 2397 3063 Ecclesia
2426 3017 2602 3061 autem
2625 3009 2925 3060 Bremensis

693 3084 868 3125 erecta
901 3085 981 3127 est
1015 3078 1356 3143 permissione
1390 3084 1443 3128 et
1477 3079 1628 3130 iussu
1658 3074 1664 3141 Ι
1702 3078 1882 3128 Karoli
1918 3082 2112 3145 magui,
2147 3080 2357 3145 imperii
2393 3082 2507 3130 eius
2542 3079 2731 3128 ultimo
2771 3091 2925 3137 anno,

693 3142 897 3194 scilicet
930 3144 1102 3195 XIIII.
1140 3143 1145 3209 Ι
1186 3147 1341 3196 tertio
1386 3146 1513 3196 Idus
1547 3147 1714 3210 Julii,
1759 3146 1812 3196 id
1856 3152 1935 3196 est
1969 3162 2106 3197 anno
2143 3147 2337 3198 Christi
2377 3153 2519 3209 804„
2554 3163 2648 3213 per
2681 3150 2925 3196 sanctum

693 3210 1078 3276 Wyllehadum.
1152 3213 1479 3266 Llutowicus
1513 3230 1656 3280 ergo,
1699 3214 1841 3265 filius
1884 3214 2146 3266 Lutowici
2193 3215 2373 3280 primi,
2425 3215 2630 3266 scilicet
2674 3215 2780 3278 pii,
2827 3211 2923 3261 filii

693 3276 918 3342 Karolil
962 3283 1169 3346 magni,
1225 3281 1410 3331 videns
1462 3280 1840 3333 desolationem
1891 3282 2146 3333 ecclesiae
2202 3281 2743 3348 Hammeuburgensis
2800 3274 2917 3346 pcrl

692 3347 938 3398 Frisoncs
987 3349 1180 3399 factam
1232 3355 1462 3414 tempore
1510 3351 1780 3412 Anscarii,
1826 3351 2044 3400 secundi
2091 3351 2327 3416 episcopi
2364 3348 2923 3413 Hammenburgensis,

691 3415 893 3478 volens
927 3431 1042 3465 eam
1075 3417 1346 3481 reerigere,
1384 3423 1590 3468 mortuo
1626 3419 1876 3483 episcopo
1909 3417 2193 3479 Bremensi‚
2220 3415 2226 3482 Ι
2259 3418 2452 3469 adiecit
2489 3417 2771 3468 ecclesiam
2802 3416 2924 3465 Bre-

690 3498 921 3533 mensem
957 3483 1372 3548 Hamburgensi,
1404 3490 1466 3533 ut
1499 3491 1636 3536 esset
1674 3481 1680 3550 Ι
1719 3501 1839 3535 uua.
1908 3486 2013 3536 Iste
2049 3488 2188 3536 enim
2222 3485 2529 3536 Lutowicus
2568 3484 2757 3534 habuit
2791 3485 2924 3535 duos

690 3546 915 3615 fratrem}
963 3551 1172 3603 scilicet
1206 3552 1517 3602 Letharium
1562 3560 1615 3603 et
1651 3553 1924 3615 Carolum,
1977 3556 2071 3618 qui
2120 3555 2256 3603 inter
2307 3570 2363 3604 se
2399 3554 2566 3603 multa
2610 3551 2755 3603 bella
2790 3547 2917 3618 prol

691 3619 928 3684 imperi0,
964 3633 1144 3669 eorum
1179 3629 1324 3684 patre
1360 3628 1565 3671 mortuo
1592 3621 1872 3685 Lodewico
1902 3623 2071 3686 primo
2105 3623 2422 3687 cognomine
2458 3617 2584 3687 pic,j
2626 3627 2924 3686 gesserunt,

688 3692 741 3735 et
766 3686 1025 3751 permulta
1049 3687 1320 3736 hominum
1351 3688 1517 3737 millia
1552 3686 1902 3750 necaverunt}
1962 3689 2195 3739 Tandem
2234 3690 2452 3753 Sergius
2488 3704 2624 3756 papa
2658 3688 2924 3739 secundus

686 3769 779 3804 eos
815 3754 1175 3814 concordavit,
1211 3754 1413 3805 viribus
1450 3772 1629 3806 eorum
1665 3752 1993 3821 exsstenuatis,
2027 3757 2104 3806 sic
2145 3758 2285 3820 quod
2323 3757 2604 3807 Lotharius
2641 3757 2924 3820 imperium

427 3822 662 3875 F01.11b-
695 3818 981 3884 obtineret,
1016 3821 1237 3873 Carolus
1260 3818 1277 3886 ΙΙ
1301 3824 1354 3872 iu
1379 3823 1551 3873 Gallia
1599 3830 1650 3873 et
1676 3823 2018 3875 Luthowicus
2052 3826 2106 3873 in
2142 3824 2423 3874 Germania
2457 3818 2743 3889 regnalret,
2786 3838 2922 3873 anno

450 3892 549 3943 col.
579 3898 622 3942 2.
687 3888 904 3939 Domini
928 3894 1042 3939 840.
1114 3889 1219 3940 Iste
1260 3890 1399 3940 idem
1427 3891 1734 3943 Lutowicus
1756 3888 1763 3956 Ι
1789 3892 1904 3955 fuit,
1938 3892 2032 3956 qui
2068 3891 2199 3941 bene
2231 3892 2443 3943 volebat
2472 3890 2727 3942 ecclesiae
2763 3891 2925 3941 Ham-

687 3955 958 4021 burgensi,
991 3965 1049 4007 ut
1082 3954 1090 4020 Ι
1126 3958 1323 4010 dictum
1361 3965 1453 4009 est.

790 4222 835 4272 6)
863 4225 1000 4268 Cod.:
1036 4227 1213 4277 septim.
