3158 5260
734 1435 1103 1531 Gronioa
1163 1435 1561 1531 Solavioa
1621 1439 1955 1562 incipit.
1977 1453 2003 1483 ⁸
2525 1449 2750 1513 F01.1⁸·

2521 1552 2631 1616 Ed.
2669 1552 2763 1616 Li.

1043 1679 1399 1759 Capitulum
1446 1679 1732 1759 primum.
2522 1636 2772 1783 {2123}

277 1772 516 1908 TEste
560 1848 740 1908 beato
786 1847 1089 1931 Gregorio
1136 1849 1390 1933 Magne,
1439 1850 1545 1929 qui
1595 1850 1746 1911 obiit
1791 1850 1953 1913 circa
1998 1869 2194 1913 annos
2240 1851 2494 1915 Domini
2550 1825 2599 1874 p.
2643 1812 2750 1858 ¹⁸⁹⁶

273 1954 586 2011 sexcentos
651 1949 807 2012 sexb
834 1999 847 2023 ,
915 1950 1016 2012 *in
1083 1952 1341 2034 prologo
1418 1951 1810 2033 dialogorum
1879 1952 2236 2024 didicimus,
2325 1952 2492 2034 quod

209 2072 236 2114 5
273 2046 517 2128 *plures
562 2050 640 2112 ad
686 2071 962 2114 amorem
997 2053 1238 2132 patriae
1274 2053 1552 2114 coelestis
1586 2052 1912 2116 attendunt
1956 2056 2253 2135 exempla,
2300 2075 2492 2136 quam

273 2148 671 2230 *praedicata
704 2154 832 2216 sive
868 2154 1370 2234 praedicamenta
1403 2155 1640 2217 subtilis
1677 2156 2032 2236 scripturae,
2069 2157 2236 2237 quia,
2266 2157 2494 2219 auditis

273 2250 525 2315 *arduis
569 2262 924 2318 sanctorum
970 2261 1216 2336 patrum
1255 2257 1449 2330 factiS,
1494 2257 1681 2319 homo
1719 2263 1998 2318 sensatus
2031 2266 2346 2320 tantorum
2381 2277 2495 2339 pa-

272 2355 476 2419 *trum
515 2358 1014 2438 praecedentium
1053 2361 1264 2422 laboro
1301 2361 1546 2422 acuitur
1592 2359 1672 2421 ad
1710 2359 1875 2421 vitae
1909 2361 2159 2421 futurae
2194 2380 2491 2425 amorem.

273 2457 393 2520 *Et
456 2460 506 2521 si
553 2480 618 2521 se
654 2462 788 2539 jam
847 2461 1084 2543 aliquid
1147 2482 1279 2524 esse
1337 2462 1677 2533 existimat,
1743 2460 1890 2522 dum
1958 2460 2036 2522 de
2100 2462 2238 2524 aliis
2297 2463 2493 2525 multo

175 2579 236 2624 10
273 2559 574 2623 *meliora
655 2565 1044 2649 cognoverit,
1130 2583 1308 2626 suam
1394 2564 1705 2645 propriam
1794 2564 2125 2625 elationem
2187 2569 2249 2625 et
2313 2583 2495 2645 prae-

271 2662 728 2745 *sumptionem
776 2667 1033 2729 damnat
1086 2674 1278 2748 atque
1321 2668 1705 2747 supplantat,
1762 2665 2000 2737 videnS,
2056 2686 2122 2727 se
2180 2686 2302 2728 non
2362 2669 2494 2728 fore

273 2765 636 2829 *formicam
672 2768 829 2830 inter
861 2775 1064 2831 tantos
1096 2769 1380 2858 cameloS.
1460 2768 1659 2851 Igitur
1694 2773 1762 2828 ut
1797 2767 1923 2828 iam
1964 2767 2166 2829 clerici
2206 2767 2493 2841 habeant,

273 2866 477 2931 *unde
517 2869 593 2931 de
627 2871 944 2933 retroactis
997 2870 1261 2944 discant,
1304 2871 1429 2931 iam
1466 2874 1745 2949 superest
1787 2869 2137 2948 pertinerec
2183 2869 2495 2951 quaedam

276 2970 482 3033 *sacta
526 2973 1027 3035 memorabiliora
1068 2972 1455 3039 Lubicensis,
1523 2971 2043 3053 Hamburgensis,
2089 2958 2490 3045 SuerinensiS,

176 3098 236 3143 15
274 3070 750 3136 *Sleszwicensis
775 3072 803 3110 ‘¹
859 3074 1289 3145 ecclesiarum,
1345 3079 1536 3154 atque
1581 3070 1939 3144 SundensiS,
1997 3071 2425 3133 Rostokcensis
2454 3082 2496 3146 θ,

272 3171 792 3258 *Wismargensis
816 3173 859 3250 f,
902 3174 1088 3237 simul
1133 3181 1193 3235 et
1229 3173 1728 3257 Luneburgensis
1778 3173 2117 3247 civitatum,
2161 3174 2224 3234 in
2268 3174 2493 3253 quibus

274 3274 681 3338 ⁴*manuducti
727 3277 1025 3351 habeant,
1069 3276 1263 3348 unde,
1310 3276 1480 3339 lectis
1522 3276 1711 3337 sacris
1756 3276 2103 3356 scripturiS,
2157 3275 2496 3339 alterentur

374 3498 431 3555 a)
467 3499 529 3548 In
549 3497 639 3548 der
658 3497 752 3547 Ed.
774 3513 848 3562 pr.
871 3497 940 3547 ist
961 3498 1139 3563 incipit
1166 3496 1330 3547 durch
1352 3497 1530 3547 Punkt
1552 3497 1661 3547 und
1678 3496 1941 3560 Majuskel
1963 3512 2028 3546 zu
2055 3496 2170 3547 dem
2190 3496 2495 3562 Folgend'en

476 3563 612 3630 (cap.
626 3563 725 3631 pr.)
747 3580 999 3630 gezogen.
1035 3566 1096 3614 In
1122 3564 1212 3614 der
1227 3565 1567 3614 Franksurter
1584 3563 1831 3630 Ausgabe
1852 3564 1941 3613 der
1953 3562 2072 3614 Scri
2105 3572 2235 3613 tores
2256 3572 2493 3629 septentr.

475 3650 523 3680 v.
546 3635 595 3680 .1.
621 3638 747 3681 1609
774 3632 880 3688 (Ed
918 3630 1027 3692 Li)
1051 3631 1215 3680 lautet
1244 3632 1325 3681 die
1350 3632 1735 3682 Uebersohrift:
1773 3628 2056 3681 JNCERT
2114 3632 2160 3680 A
2175 3627 2498 3692 UCTOJRJS

477 3697 845 3750 CHRONIO'A
865 3697 1062 3752 {SCLA
1078 3697 1153 3748 VI
1155 3697 1278 3764 CA!
1300 3697 1617 3748 C'APITUL
1628 3698 1736 3748 UM
1758 3696 2072 3759 PRIMUM,
2093 3698 2223 3748 eben
2242 3714 2300 3748 so
2324 3699 2381 3746 in
2405 3698 2495 3749 der

473 3784 576 3817 von
592 3766 864 3817 Fabricius
882 3767 1164 3832 besorgton
1184 3766 1517 3832 Hamburger
1537 3781 1586 3816 v.
1603 3768 1655 3817 δ.
1680 3771 1806 3814 1706
1828 3764 1944 3825 (Ed.
1960 3761 2094 3827 Fa),
2117 3780 2217 3814 nur
2234 3764 2356 3815 dass
2376 3765 2496 3816 hier

472 3833 703 3885 SCHLA
718 3832 881 3885 VIGA
902 3840 1026 3885 statt
1046 3831 1222 3883 SCLA
1237 3831 1400 3884 VICA
1419 3834 1572 3885 steht.
1745 3833 1803 3892 b)
1842 3834 1929 3892 So,
1944 3832 2051 3885 und
2070 3846 2208 3881 zwar
2234 3833 2370 3883 ohne
2390 3832 2492 3883 alle

472 3902 884 3968 Abkiirzungen,
899 3901 1094 3966 jedooh
1120 3910 1271 3951 unter
1287 3899 1827 3965 zusammenziehung
1850 3900 1940 3950 der
1966 3899 2153 3949 beiden
2170 3899 2493 3951 Zahlwbrter

473 3985 540 4020 zu
557 3970 758 4032 Einem,
788 3970 871 4020 die
890 3968 988 4019 Ed.
1005 3986 1104 4035 pr„
1127 3970 1281 4020 deren
1304 3970 1487 4019 Lesart
1519 3969 1608 4019 ioh
1624 3967 2027 4019 boizubehalten
2047 3982 2262 4032 vorzog.
2289 3966 2384 4017 Ed.
2410 3967 2492 4017 Li.

474 4043 524 4087 et
547 4038 636 4087 Fa.
660 4038 803 4088 lesen
828 4036 1348 4087 iibereinstimmend:
1380 4040 1518 4086 cirea
1543 4054 1731 4086 annum
1756 4034 1962 4085 Domini
1982 4031 2110 4083 606.
2321 4034 2381 4088 o)
2423 4034 2493 4086 So

473 4104 574 4154 alle
597 4106 706 4155 drei
732 4104 1034 4169 Ausgaben.
1090 4104 1420 4155 Zweifelhaft
1438 4107 1507 4154 ist
1531 4105 1646 4166 mir,
1665 4104 1732 4154 ob
1758 4103 1907 4153 nicht
1935 4102 2189 4166 richtiger
2243 4103 2496 4167 ertinqere

474 4175 545 4222 im
571 4173 730 4223 Sinne
764 4190 868 4222 von
907 4173 1071 4233 „nach
1110 4172 1247 4221 allen
1273 4173 1448 4222 Seiten
1474 4172 1567 4220 hin
1592 4172 1723 4221 kurz
1763 4166 2076 4220 erwahnen“
2113 4184 2177 4218 zu
2224 4186 2347 4220 esen
2381 4169 2495 4221 sein

475 4241 707 4302 miiohte3
744 4240 880 4290 doeh
915 4239 1115 4290 behielt
1149 4241 1234 4290 ioh
1271 4240 1355 4289 die
1392 4238 1549 4304 obige
1585 4239 1770 4289 Lesart
1805 4237 1920 4300 bei,
1956 4236 2022 4286 da
2054 4236 2149 4299 sie,
2182 4237 2320 4287 nach
2355 4236 2493 4286 Ana-

473 4308 615 4372 logie
662 4323 767 4357 von
811 4309 1050 4356 memoria
1106 4315 1295 4368 tenere,
1347 4306 1462 4358 sich
1500 4307 1638 4356 auch
1677 4305 2051 4369 reehtfertigen
2097 4303 2270 4355 lusson
2305 4303 2493 4354 diirfte.

472 4376 536 4435 d)
564 4375 662 4424 Ed.
686 4375 764 4424 Li.
787 4390 839 4425 u.
871 4376 946 4425 Fa
972 4389 988 4424 t
1022 4372 1379 4425 Sleswieensis.
1560 4372 1613 4436 e)
1652 4373 1745 4423 Ed.
1771 4373 1849 4423 Li.
1875 4387 1925 4422 u.
1944 4372 2064 4422 Fa:
2101 4370 2494 4421 Rostoclaeiensie.

475 4441 526 4504 f)
553 4442 621 4494 So
647 4442 742 4492 Ed.
769 4458 847 4508 pr.
872 4459 922 4493 u.
947 4442 1053 4505 Li.;
1090 4442 1183 4493 Ed.
1208 4442 1322 4492 Fa.:
1374 4438 1444 4489 W
1440 4442 1769 4492 ismariensis.

2062 4538 2124 4590 1*
