3158 5260
2333 530 2460 597 375

234 737 661 808 conscenldetis“.
741 743 975 794 Tandem
1010 744 1157 793 venit
1191 741 1403 807 quidam
1442 740 1774 804 christianus,
1810 740 2042 792 clamans
2079 742 2134 791 in
2167 736 2174 805 Ι
2209 741 2458 792 ecclesia:

236 811 422 872 „Pater
455 812 810 874 sanctissime,
855 813 1077 862 veniunt
1112 810 1300 876 pagani
1337 824 1496 859 manu
1532 804 1746 873 arflmata
1781 809 1846 857 ad
1881 809 2201 875 perdendum
2235 826 2357 871 nos;
2402 804 2459 858 ti1

236 895 361 942 ergo
396 880 579 943 fugam
613 880 704 942 ini,
736 874 744 943 Ι
782 894 846 929 ne
896 882 967 929 sit
1014 895 1143 944 grex
1179 880 1292 927 sine
1329 875 1583 941 pastore.“
1667 876 1782 938 Quo
1830 877 2007 926 audito
2043 873 2050 941 Ι
2082 892 2259 926 coram
2307 877 2461 926 altari

235 947 396 996 vertit
431 963 486 996 se
524 946 588 995 ad
624 947 893 1012 populum,
934 948 1236 997 confortans
1270 940 1278 1009 Ι
1312 952 1363 994 et
1400 943 1719 994 benedicens
1755 960 1890 1005 eum,
1926 945 2359 1009 annunciansque
2395 946 2444 994 ei

237 1029 372 1077 quae
408 1009 660 1079 angelus!
691 1014 793 1064 Dei
829 1014 1142 1079 loquebatur
1176 1015 1239 1075 ei,
1276 1013 1482 1063 dicens:
1520 1012 1840 1074 „Benedicat
1873 1026 1969 1063 vos
1990 1013 2250 1062 Dominus
2270 1014 2429 1063 Jesus

236 1081 476 1131 Christus
518 1080 887 1132 benedictione
932 1089 1209 1147 perpetua3
1253 1080 1427 1144 angeli
1468 1095 1680 1143 quoque
1727 1080 1842 1129 eius
1891 1096 1987 1130 vos
2022 1076 2364 1145 cusltodiant,
2409 1089 2464 1129 et

237 1150 438 1199 animas
489 1156 689 1200 vestras
735 1152 786 1198 in
827 1155 1039 1200 aeterna
1084 1143 1441 1212 tabernalcula
1484 1145 1820 1212 perducant.“
1902 1148 1969 1197 Et
2013 1149 2219 1198 cunctis
2253 1162 2464 1212 respon-

237 1216 504 1266 dentibus:
543 1213 816 1282 „Ainen“},
853 1224 1110 1268 venerunt
1142 1215 1350 1268 barbari
1384 1231 1479 1280 per
1512 1215 1675 1265 falsos
1709 1214 2000 1279 neophytas
2032 1210 2039 1280 Ι
2077 1215 2379 1278 introducti,
2412 1222 2464 1265 et

239 1284 544 1334 occiderunt
571 1287 845 1350 utriusque
875 1301 1034 1335 sexus
1058 1284 1253 1335 Christi
1276 1278 1283 1348 Ι
1306 1283 1483 1333 fideles
1508 1284 1616 1333 fere
1638 1298 1731 1332 sex
1758 1283 1927 1345 milia,
1954 1285 2046 1346 qui
2076 1289 2216 1333 trans
2243 1281 2463 1333 Albeam

239 1346 532 1416 veluerant,
576 1352 642 1402 ab
678 1352 809 1402 hora
844 1354 1113 1403 tertiarum
1148 1367 1316 1416 usque
1352 1350 1416 1400 ad
1452 1351 1581 1401 solis
1617 1345 1626 1415 Ι
1660 1365 1933 1413 occasum,
2018 1352 2164 1400 aucis
2211 1352 2463 1416 exceptis,

240 1435 373 1483 quos
408 1415 618 1485 pagalni
656 1421 708 1469 in
732 1422 942 1485 signum
979 1420 1235 1470 victoriae
1270 1419 1335 1469 ad
1370 1419 1582 1484 propria
1609 1433 1786 1468 secum
1815 1366 2113 1484 perdufcere
2140 1416 2462 1483 satagebant.

240 1488 497 1552 Tempore
556 1494 730 1538 autern
786 1487 1073 1539 occisionis
1130 1483 1367 1551 anlgelus
1427 1486 1492 1536 ab
1552 1486 1761 1536 aethere
1808 1501 1899 1536 eos
1954 1486 2209 1537 vocaliter
2260 1486 2463 1537 confor-

239 1550 415 1619 tavit,{
452 1555 747 1619 affirmans,
791 1572 856 1606 ne
894 1557 1164 1618 timerent,
1210 1556 1337 1619 quia
1371 1568 1552 1605 eorum
1589 1554 1804 1604 nomina
1838 1550 2204 1618 indellebiliter
2237 1554 2293 1603 in
2328 1552 2461 1604 libro

242 1623 380 1671 vitae
406 1628 579 1673 essent
601 1624 929 1689 conscripta3
977 1624 1130 1674 cuius
1154 1617 1162 1687 Ι
1184 1624 1334 1673 vocis
1370 1623 1650 1672 occasione
1686 1620 1837 1671 multi
1908 1623 2064 1687 agani
2102 1616 2462 1685 crediderunt,{

242 1696 293 1739 et
326 1689 505 1739 eodem
548 1690 632 1741 die
667 1692 914 1741 trucidati
948 1706 1041 1755 pro
1087 1690 1324 1754 Christ0‚
1360 1691 1415 1739 in
1450 1705 1548 1740 suo
1585 1690 1846 1753 sanguine
1872 1636 2047 1754 Ysunt
2082 1690 2317 1739 mundati
2352 1695 2463 1737 tan-

241 1772 397 1821 quam
433 1756 762 1824 baptismatis
796 1755 986 1823 fontei·
1053 1759 1256 1809 Tantus
1291 1760 1431 1808 enim
1474 1758 1690 1822 sanguis
1733 1762 1861 1807 tunc
1895 1758 2089 1808 effusus
2128 1763 2230 1816 est,
2265 1763 2324 1806 ut
2360 1754 2466 1822 pal-

242 1840 497 1890 ganorum
548 1827 672 1890 equi
724 1826 881 1891 longe
930 1826 1067 1876 ultra
1125 1826 1288 1876 talum
1337 1827 1393 1875 in
1437 1826 1695 1890 sanguine
1736 1819 1743 1888 Ι
1784 1824 2137 1885 ambularent,
2187 1832 2238 1874 et
2283 1823 2465 1874 hastae

242 1894 541 1942 confractae
576 1909 669 1959 per
702 1889 917 1959 platelas
954 1894 1018 1943 ad
1041 1893 1261 1944 Albeam
1297 1900 1552 1943 natarent.
1624 1892 1709 1941 Illi
1737 1908 1948 1957 quoque
1980 1893 2042 1943 de
2057 1887 2131 1957 4)l
2161 1891 2465 1957 Oldenborg

242 1960 296 2009 in
346 1961 558 2025 signum
606 1962 859 2012 victoriae
917 1963 1110 2012 multos
1141 1957 1150 2026 Ι
1186 1962 1581 2027 decapitarunt,
1632 1967 1683 2010 et
1727 1976 1829 2009 una
1877 1976 1997 2011 cum
2047 1961 2242 2011 vinctis
2290 1958 2459 2023 vivis!

242 2042 419 2077 secum
456 2028 521 2078 ad
554 2044 652 2079 sua
686 2031 897 2096 propria
930 2030 1310 2094 perduxerunt,
1345 2035 1397 2079 et
1431 2030 1485 2078 in
1524 2034 1824 2093 perpetuam
1849 2023 1856 2093 Ι
1878 2028 2037 2078 huius
2072 2028 2326 2078 victoriae
2362 2043 2466 2078 me·

244 2096 462 2145 moriam
495 2097 550 2145 in
588 2096 895 2162 Oldenborg
929 2092 1119 2163 super!
1154 2112 1423 2147 murorum
1466 2095 1800 2159 frontispicia
1846 2096 1909 2145 ad
1956 2102 2227 2161 aspectum
2273 2090 2461 2160 marial

242 2170 564 2227 posuerunt3'
600 2180 723 2213 nam
767 2166 905 2215 inter
948 2163 1128 2215 ambas
1164 2165 1398 2215 eiusdem
1431 2164 1538 2214 loci
1578 2157 1840 2227 civiltates
1878 2164 2034 2213 maris
2068 2164 2316 2213 intererat
2349 2179 2467 2228 por-

240 2239 350 2293 tus,
386 2229 452 2279 ab
490 2227 707 2295 orienlte
743 2248 927 2283 versus
962 2232 1234 2293 occidenS,
1280 2231 1591 2282 declinando
1627 2237 1801 2281 tamen
1836 2232 1893 2280 in
1931 2232 2078 2281 exitu
2108 2227 2126 2294 ΙΙ
2156 2229 2220 2280 ad
2255 2230 2467 2281 boream
2502 2227 2614 2277 Fol.
2649 2228 2740 2276 11·-

241 2313 427 2348 versus
475 2298 738 2349 Balticum
797 2314 951 2349 mare.
1033 2298 1179 2360 Quae
1225 2300 1434 2363 quidem
1478 2295 1677 2364 capilta
1712 2300 1973 2361 seruntur,
2019 2298 2237 2349 coelesti
2285 2297 2466 2349 iubare
2537 2293 2637 2345 col.
2663 2301 2709 2344 2.

240 2365 587 2428 circumdata,
634 2367 749 2430 ipsa
784 2364 956 2431 noclte
991 2366 1186 2417 Christi
1224 2367 1527 2417 Nativitatis
1563 2369 1829 2431 proxima,
1867 2373 1920 2417 et
1953 2365 2207 2431 angelicis
2242 2365 2466 2416 vocibus

240 2448 303 2483 ac
327 2434 659 2499 symphoniis
687 2434 879 2497 adiuta,
904 2436 1201 2485 cantavisse
1225 2433 1474 2485 dulciter:
1498 2429 1739 2499 „Glorial
1768 2436 1823 2483 in
1849 2434 2072 2486 excelsis
2098 2430 2261 2484 Deo.“
2311 2433 2465 2494 Quod

239 2516 361 2551 cum
411 2501 645 2552 civitatis
695 2502 885 2567 vigiles
932 2496 1267 2569 maiori[b]us
1297 2497 1305 2567 Ι
1330 2517 1436 2552 non
1484 2503 1598 2553 sine
1658 2501 2005 2567 trepidatione
2052 2501 2465 2563 annuntiassent,

240 2575 497 2618 venerunt
532 2566 830 2635 celeriolres
879 2577 931 2621 et
976 2569 1194 2620 auribus
1240 2570 1465 2636 propriis
1500 2570 1636 2620 hanc
1671 2570 2040 2621 suavissimam
2075 2585 2260 2619 vocem
2291 2565 2298 2633 Ι
2337 2569 2464 2619 hau·

186 2696 196 2709 ἱ
240 2644 445 2700 serunt3
498 2644 551 2688 et
598 2654 719 2689 cum
779 2653 959 2690 omnes
1011 2645 1209 2690 starent
1263 2640 1569 2704 stupefacti,
1619 2634 1772 2698 dixlit
1823 2639 2037 2704 quidam
2089 2638 2325 2701 illorum,
2382 2639 2466 2687 vir

239 2719 459 2770 magnae
495 2705 811 2756 industriae:
859 2707 1046 2770 „Ecce,
1067 2701 1075 2771 Ι
1099 2708 1309 2771 fratres,
1344 2707 1585 2756 homines
1619 2707 1749 2757 istos
1782 2706 2057 2757 nobiscum
2095 2705 2372 2770 perductos
2406 2707 2464 2755 in

238 2768 585 2838 gravissima!
623 2775 866 2825 custodia
899 2781 1128 2825 artamus
1164 2780 1216 2824 et
1247 2776 1360 2825 sine
1404 2772 1527 2824 cibo
1564 2774 1904 2836 dimittimus3
1941 2768 2264 2837 educantur!
2296 2773 2369 2836 hi,
2405 2780 2464 2824 ut

237 2855 336 2891 nos
369 2840 434 2890 de
470 2841 774 2892 huiusmodi
811 2840 1103 2900 melodia⁵)
1142 2842 1408 2903 edoceant,
1443 2843 1487 2892 si
1523 2837 1733 2906 saltem}
1759 2841 1974 2907 quidam
2008 2843 2122 2891 vivi
2157 2842 2463 2906 superstites

238 2908 507 2958 extiterint
553 2908 884 2971 (nesciebant
925 2906 933 2975 Ι
975 2912 1140 2974 enim,
1184 2911 1324 2974 quod
1360 2908 1579 2974 angelus
1616 2910 1831 2960 Domini
1864 2907 2066 2959 cibaret
2099 2907 2242 2970 eos);
2279 2915 2466 2959 natura

238 2975 375 3024 enim
398 2975 701 3028 huiusmodi
724 2973 731 3041 Ι
756 2993 915 3028 voces
949 2977 1061 3028 fieri
1097 2993 1202 3027 non
1235 2978 1511 3043 permittit,
1537 2977 1657 3027 ideo
1692 2976 1996 3027 huiusmodi
2022 2992 2087 3025 ex
2117 2976 2216 3027 diis
2241 2972 2465 3040 caussari

238 3043 544 3108 ambiguum
590 3061 697 3094 non
743 3043 870 3096 est.“
965 3046 1156 3096 Educti
1219 3061 1345 3110 ergo
1393 3046 1456 3096 de
1504 3044 1808 3095 carceribus
1850 3040 1858 3108 Ι
1899 3044 2124 3094 viriliter
2167 3060 2258 3094 eos
2305 3046 2464 3095 corri-

238 3119 466 3174 puerunt
500 3119 558 3162 ut
590 3113 717 3163 luce
737 3113 921 3164 devios
957 3121 1009 3164 et
1033 3110 1337 3177 virltutibus
1365 3112 1585 3174 steriles,
1622 3120 1675 3163 et
1701 3112 1969 3162 commissi
2001 3112 2214 3162 sceleris
2252 3112 2465 3161 minime

236 3176 510 3241 conscios!
602 3182 800 3245 Pagani
869 3198 1021 3246 ergo,
1085 3186 1312 3241 attento,
1367 3181 1509 3245 quod
1559 3180 1864 3231 huiusmodi
1912 3178 2152 3236 melodiis
2188 3175 2463 3243 consollati

235 3247 459 3296 fuissent
491 3249 798 3298 incarcerati
846 3255 896 3298 et
931 3250 997 3300 ab
1034 3249 1221 3314 angelo
1258 3248 1446 3309 cibati,
1485 3264 1550 3298 ex
1587 3264 1691 3312 quo
1728 3244 2112 3314 {pulcrioribus
2147 3252 2274 3297 tunc
2309 3262 2465 3313 appa-

233 3313 418 3364 rebant
451 3315 704 3378 t'aciebnS,
741 3332 897 3380 quam
932 3323 1161 3382 tempore
1197 3311 1616 3379 inlnervationis,
1660 3316 1913 3366 timebant
1947 3331 2052 3376 e08,
2087 3331 2152 3364 ne
2187 3322 2467 3379 gravarent

236 3397 327 3432 eos
348 3378 356 3447 Ι
378 3398 476 3432 sua
508 3399 664 3448 prece
699 3384 836 3449 apud
871 3386 1041 3436 Deum
1077 3400 1228 3435 suum
1266 3385 1703 3449 omnipotentem,
1738 3401 1802 3433 ne
1839 3378 2293 3447 eislcontingeret
2327 3385 2466 3432 sicut

234 3449 359 3499 duci
414 3451 610 3500 Baruth
664 3459 717 3501 et
764 3467 889 3501 suae
935 3453 1114 3514 vxori3
1163 3453 1278 3502 ideo
1328 3446 1456 3515 eos!
1494 3453 1683 3501 iterum
1736 3451 2062 3502 incluserunt
2111 3449 2208 3500 sub
2262 3450 2461 3499 duriori

233 3516 480 3568 clausura
519 3514 787 3584 manu'um
822 3528 871 3569 et
918 3521 1123 3584 pedum.
1190 3519 1591 3585 Responderunt
1640 3519 1944 3581 christiani:
2007 3518 2276 3582 „Magicas
2327 3524 2464 3567 artes

234 3599 342 3634 non
376 3582 662 3649 novimus;1
713 3586 829 3636 ideo
867 3587 1019 3638 vobis
1055 3589 1212 3638 timor
1246 3587 1424 3637 nullus
1459 3588 1732 3637 concutiat
1765 3603 1829 3636 ex
1866 3592 2009 3651 parte
2044 3581 2268 3649 nostrast
2318 3586 2463 3634 Deus

234 3658 409 3703 autem
472 3655 831 3719 omnipotens,
906 3654 1151 3719 precibus
1218 3661 1546 3715 sanctorum,
1620 3655 1790 3719 plagis
1861 3654 2038 3703 decem
2111 3647 2462 3717 pharaolnicis

233 3721 535 3771 universam
571 3722 882 3772 Sclauorum
917 3725 1185 3788 regionem
1220 3723 1309 3788 pla
1346 3718 1504 3772 abit.“
1575 3722 1700 3772 Ideo
1733 3718 1740 3786 Ι
1770 3721 2015 3771 dominus
2050 3726 2241 3784 terrae,
2278 3718 2461 3768 habito

233 3788 479 3852 concili0,
516 3789 795 3852 conclusit,
832 3802 894 3839 ut
923 3791 1299 3841 occiderentur.
1374 3791 1539 3841 Nocte
1577 3796 1748 3840 autem
1785 3790 2026 3854 proxima
2058 3789 2206 3836 venit
2241 3782 2461 3852 angelus

233 3855 465 3918 Domini,
500 3852 769 3923 aperiens}
807 3872 1095 3919 carcerem,
1131 3858 1332 3909 dimisit
1367 3875 1472 3917 eos,
1519 3858 1726 3908 dicens:
1763 3858 1874 3918 „Ite
1911 3864 1962 3906 et
1996 3855 2234 3918 colligite
2271 3849 2463 3920 capiflta

231 3924 333 3973 ista
369 3923 431 3974 de
460 3926 648 3987 muris3
686 3941 784 3990 ego
822 3925 1121 3985 excoecabo
1152 3926 1407 3991 populum
1432 3926 1573 3976 hunc
1596 3923 1603 3989 Ι
1628 3926 1928 3991 pessimum,
1963 3940 2029 3974 ne
2065 3939 2161 3972 vos
2195 3921 2459 3973 videant.“

231 3989 335 4040 His
371 3991 555 4054 dictis,
590 3990 911 4057 cecidelrunt
943 3995 1256 4044 ferramenta
1290 3993 1356 4043 ab
1392 3995 1493 4055 eis,
1530 3999 1582 4043 et
1617 3998 1867 4043 exeuntes
1903 3986 2251 4055 collegelrunt
2285 3991 2462 4056 capita

230 4064 578 4124 martyrorum
614 4067 912 4112 sanctorum
951 4060 1014 4111 de
1051 4061 1229 4124 muris,
1263 4061 1473 4112 nemine
1508 4057 1515 4125 Ι
1548 4061 1965 4123 contradicente,
2017 4065 2069 4109 et
2103 4058 2462 4123 perduxerunt

330 4379 375 4430 4)
418 4382 553 4423 Cod.:
582 4380 633 4421 de
660 4382 727 4422 de.
934 4377 977 4430 5)
1018 4380 1156 4421 θοὰς
1194 4378 1409 4426 ηκῑοάϋα.
