3158 5260
1046 562 1247 618 P-ARS
1303 564 1361 617 V.
1423 563 1561 618 Ami.
1609 563 1778 619 1481.
2395 557 2522 624 337

470 764 703 827 Eodem
788 769 1080 845 tempore·
1141 764 1641 845 archiepiscopus
1700 764 1979 848 Rigensis
2059 765 2222 827 misit
2289 766 2522 828 litteras

301 866 1015 935 excommunicationum
1084 885 1193 945 per
1259 866 1573 947 quendam
1634 866 2037 947 Lippoldum,
2106 869 2521 948 praepositum

297 969 658 1053 Rigensem,
715 975 929 1031 contra
984 968 1412 1030 Bernhardum
1469 970 1546 1030 de
1606 969 1831 1044 Borch‚
1887 971 2249 1054 magistrum
2297 970 2526 1033 ordinis

295 1071 359 1131 in
407 1070 703 1141 Liuonia,
750 1076 813 1131 et
854 1089 1000 1130 suos
1045 1069 1397 1149 complices,
1446 1070 1570 1149 ·qui
1619 1070 1745 1130 suis
1795 1071 2042 1133 malitiis
2103 1074 2282 1155 quasi
2327 1079 2522 1134 totam

115 1245 124 1252 ·
225 1185 254 1228 5
297 1173 620 1234 ecclesiam
677 1172 1003 1256 Rigensem
1071 1169 1552 1234 *devastabant*
1628 1181 1689 1233 et
1748 1174 2001 1236 clericos
2062 1156 2536 1258 *cuiuscunque

305 1272 658 1359 religionis*
689 1274 1156 1354 propulsabant,
1197 1274 1553 1354 episcopum
1595 1276 1900 1337 seniorem
1933 1277 1994 1338 in
2027 1278 2308 1340 cust-odia
2348 1266 2526 1341 tene-

303 1377 470 1438 bant.
576 1376 698 1450 Qui
756 1376 1008 1457 quidem
1066 1375 1434 1456 Lippoldus‚
1497 1376 1644 1438 dum
1707 1377 2090 1462 diligentiam
2150 1382 2529 1443 executionis

306 1487 635 1562 perageret
677 1480 739 1540 in
787 1479 989 1541 Lubic
1031 1485 1092 1540 et
1133 1479 1271 1546 aliis
1316 1480 1685 1552 civitatibuS,
1732 1480 1981 1542 tandem
2028 1482 2088 1543 in
2121 1482 2376 1545 Prutzia
2419 1502 2529 1544 ve-

309 1601 466 1643 neno
516 1582 817 1642 extinctus
862 1589 970 1643 est.
1069 1577 1444 1666 [Monachus
1511 1584 1674 1644 enim
1735 1602 2059 1663 perversus
2118 1584 2323 1647 deficit
2378 1589 2529 1666 prae

194 1693 258 1738 10
299 1683 587 1747 omnibus
632 1682 1083 1756 deficientibus,
1144 1691 1205 1745 et
1257 1685 1307 1745 si
1354 1685 1595 1764 proficit
1649 1685 1989 1748 monachus
2035 1689 2256 1758 bonus,
2313 1687 2529 1749 melior

297 1806 372 1848 eo
421 1786 607 1848 homo
651 1807 772 1848 non
821 1782 956 1871 est]
985 1784 1031 1869 ¹)

464 1889 702 1951 Eodem
776 1907 941 1951 anno
1010 1889 1059 1950 F
1063 1889 1438 1969 erdinandus
1506 1910 1612 1952 rex
1672 1889 1919 1952 Siciliae
1991 1890 2258 1952 restituit
2320 1891 2530 1951 omnia

299 1990 533 2071 oppida
573 1991 939 2053 Florentinis
972 1991 1199 2060 ablata,
1223 1991 1239 2074 Η
1269 2011 1395 2052 uno
1432 1993 1564 2053 solo
1611 1999 1881 2072 excepte,
1925 1992 2089 2074 *quo
2134 1993 2213 2056 ab
2260 1991 2348 2053 his
2393 1995 2526 2055 soe·
2549 1977 2679 2040 Fol·
2706 1985 2828 2045 35⁸·

299 2092 546 2155 deribus
594 2091 917 2154 staretur*.
1019 2093 1213 2155 Filius
1260 2112 1515 2175 quoque
1560 2094 1694 2155 eius
1736 2095 2050 2167 Alfonsus,
2106 2095 2313 2157 multis
2359 2097 2526 2176 prius

200 2201 259 2246 ¹5
295 2197 564 2276 acceptis
632 2195 935 2268 cladibuS‚
1008 2196 1136 2257 suis
1192 2215 1578 2277 suorumque
1636 2197 1827 2277 copiis
1882 2193 2253 2260 L‘idruntum
2271 2207 2319 2270 ⁸,·
2357 2198 2524 2279 quod

297 2304 447 2360 tunc
487 2297 753 2360 Thurcib
802 2303 1211 2378 occuparunt,
1259 2299 1468 2362 valida
1513 2298 1831 2362 obsidione
1876 2300 2063 2362 cinxit
2086 2300 2153 2383 ²).

465 2501 701 2570 Eodem
727 2519 908 2573 anno,
931 2501 999 2563 V.
1027 2500 1078 2561 N
1086 2509 1272 2562 onas0
1297 2501 1473 2580 Maji,
1500 2502 1870 2574 Maumetes,
1895 2502 2198 2572 Graeciae
2221 2504 2530 2585 Asiaeque

295 2606 558 2670 minoris
604 2606 961 2687 imperator,
1010 2604 1157 2666 dum
1205 2605 1266 2666 in
1315 2604 1567 2667 orientis
1615 2604 2062 2686 expeditionem
2110 2605 2529 2685 proficiscitur,

297 2716 433 2788 post
475 2710 754 2792 ingentia
819 2709 1098 2771 facinora
1156 2716 1324 2770 terra
1382 2709 1672 2790 marique
1724 2714 1902 2791 gesta
1956 2728 2080 2771 non
2133 2709 2266 2772 sine
2310 2708 2526 2772 veneni

197 2824 261 2869 20
294 2812 642 2892 suspicione
686 2812 746 2872 in
794 2812 1065 2873 exercitu
1110 2830 1225 2872 suo
1271 2812 1551 2884 moritur,
1599 2831 1764 2873 anno
1810 2811 2050 2891 imperii
2093 2812 2527 2874 Constantino-

297 2914 552 2993 politani
599 2912 870 2986 XXVII„
931 2933 1140 2976 mense
1194 2912 1328 2985 XL,
1390 2912 1489 2974 dic
1549 2913 1794 2994 quint03
1853 2913 1934 2975 ad
1996 2915 2173 2976 cuius
2232 2915 2525 2995 exequias

297 3022 428 3077 tota
474 3018 687 3091 concio
730 3016 967 3100 gaudet
1021 3016 1352 3078 infernalis
1443 3016 1595 3077 Post
1649 3017 1827 3077 cuius
1883 3022 2171 3087 mortem,
2226 3012 2524 3101 [cladibus

299 3138 419 3180 non
451 3119 711 3181 modicis
748 3114 1066 3203 peractis],
1113 3119 1425 3191 Baisetus,
1470 3119 1673 3181 maior
1719 3120 2076 3182 n-atu.filius
2121 3119 2280 3192 eiuS,
2334 3121 2526 3181 fratre

297 3240 410 3282 suo
443 3221 698 3283 Zaliabo
743 3223 979 3304 fugato,
1026 3207 1738 3302 utrumque'imperium
1788 3230 1916 3284 tam
1958 3221 2523 3302 Constantinopoli-

202 3331 263 3376 25
298 3328 514 3384 tanum
565 3340 756 3403 quam
803 3322 988 3384 Asiae
1031 3322 1286 3384 minoris
1332 3321 1616 3384 obtinuit.

466 3424 603 3485 Istis
636 3423 852 3486 diebus
882 3424 1172 3497 Mathias,
1211 3443 1317 3487 rex
1349 3419 1754 3508 [Pannoniae,
1770 3445 1826 3517 3.
1862 3419 1941 3508 e.]
1974 3425 2305 3508 Ungariae,
2342 3443 2524 3486 omne

297 3526 625 3606 imperium
682 3527 1073 3589 Thurcorum
1135 3527 1417 3588 evicisset
1478 3547 1550 3587 ex
1610 3527 1922 3599 Danubio,
1980 3528 2031 3588 si
2101 3526 2525 3607 campiductor

297 3627 604 3690 Frederici
643 3629 750 3691 ΙΙΙ.
786 3630 1172 3709 imperatoris
1217 3649 1360 3692 eum
1408 3648 1528 3690 non
1576 3631 1977 3691 molestasset.
2059 3628 2202 3690 Ideo
2249 3628 2525 3709 oportuit

397 3788 453 3842 a)
491 3783 583 3833 Ed.
623 3784 731 3833 Li.:
766 3783 1105 3838 Hidrmztum:
1161 3784 1256 3832 Ed.
1293 3785 1410 3833 Fa.:
1448 3782 1789 3849 Hydruntum.
1994 3782 2051 3843 b)
2095 3782 2186 3832 Ed.
2216 3782 2296 3832 Li.
2325 3799 2374 3832 u.
2406 3784 2522 3834 Fa:

505 3851 715 3912 Tur-cae,
753 3869 811 3902 so
847 3853 947 3902 wie
984 3858 1185 3917 spater:
1232 3850 1525 3901 Turcarum.
1732 3853 1786 3909 c)
1823 3852 1892 3900 So
1929 3850 2013 3900 die
2040 3849 2351 3915 Ausgaben3
2386 3850 2523 3902 nach

500 3920 767 3970 Detmar
801 3919 941 3970 starb
980 3936 1035 3970 er
1074 3916 1235 3978 „elven
1275 3916 1324 3967 in
1363 3917 1557 3973 mciiffl,
1596 3918 1736 3969 also:
1787 3916 1841 3967 V.
1880 3917 2005 3966 Idus
2042 3917 2195 3985 Maji.

299 4108 413 4158 hier
449 4107 715 4171 Hillebort
755 4114 1000 4173 genennt.
1208 4107 1262 4168 2)
1318 4107 1503 4156 Dieser
1541 4106 1875 4170 Belagerung
1926 4105 2037 4163 „bet
2082 4100 2179 4161 stab
2227 4104 2521 4166 „bmnium”

301 4175 464 4225 durch
501 4175 763 4240 Alphons,
809 4175 935 4226 aber
969 4177 1117 4225 nicht
1152 4176 1241 4226 des
1277 4174 1676 4224 vorerwfihnten
1714 4174 1960 4223 Friedens
1995 4174 2165 4224 seines
2200 4174 2383 4223 Vaters
2417 4172 2524 4223 und

300 4242 390 4293 der
417 4243 760 4306 Florentiner‚
796 4243 1029 4308 gedenkt
1057 4243 1382 4294 Detmar’s
1418 4242 1584 4291 Forts.
1612 4257 1653 4290 z.
1685 4242 1736 4290 J.
1771 4246 1897 4290 1482
1926 4237 2002 4301 (S.
2024 4242 2153 4297 426)
2192 4241 2297 4290 und
2332 4240 2525 4305 kniipft

299 4309 635 4360 unmittelbar
678 4312 863 4372 daran,
911 4328 1019 4361 was
1067 4312 1150 4361 die
1200 4310 1434 4361 chronik
1475 4309 1608 4359 iiber
1652 4308 1975 4360 Mahomed’s
2009 4308 2124 4359 'rod
2169 4308 2277 4358 und
2322 4308 2528 4371 desem,

299 4379 398 4428 wie
432 4378 673 4430 Baisetus
710 4379 913 4430 Thaten
948 4378 1220 4431 berichtet.

1921 4483 1985 4528 22
