3158 5260
1002 571 1205 628 PARS
1260 511 1344 627 vs‘
1382 571 1521 627 Am.
1566 570 1753 627 1478.
2362 563 2515 633 321.
2582 563 2585 565 ·

260 772 479 837 Veneti
538 791 823 855 quoque,
882 781 1214 856 postquam
1253 773 1456 835 ,annis
1499 770 1660 835 XVI.
1706 769 2003 838 Thurco⁸
2055 774 2492 850 renitebantur,

257 874 535 938 videntes
581 876 714 937 eius
760 875 1089 938 audaciam
1138 881 1331 957 atque
1373 877 1706 946 fortunam,
1757 874 1979 937 foedus
2025 895 2166 939 cum
2212 896 2286 939 eo
2332 879 2489 940 inie-

257 984 405 1040 runt
448 976 699 1040 Nonasb
743 979 985 1059 Aprilis,
1030 978 1199 1061 quod
1244 977 1426 1040 valde
1470 977 1787 1059 displicuit
1831 997 2034 1059 papae
2079 978 2249 1042 Sixto
2294 980 2490 1057 1111.⁶‚

258 1081 541 1144 Mathiae
584 1082 717 1166 regi
746 1082 1082 1167 Ungariae‚
1126 1082 1388 1167 regique
1417 1081 1831 1162 Neopolitano
1876 1081 2285 1156 Ferdinando,
2331 1084 2493 1172 patri

191 1194 220 1236 5
258 1185 512 1269 reginae
555 1184 876 1269 Ungariae
908 1185 973 1269 1).
1064 1184 1343 1248 Andreas
1389 1203 1645 1267 quoque
1691 1185 2095 1247 Veneciarum
2154 1184 2278 1247 dux
2321 1188 2491 1248 senio

202 1321 206 1325 ·
260 1289 575 1349 confectus
618 1286 810 1349 Nonis
857 1287 1020 1349 Maii
1067 1288 1346 1360 moritur,
1392 1286 1491 1349 cui
1530 1285 1656 1350 XV.
1690 1286 2004 1350 Kalendas
2041 1289 2213 1349 Junii
2254 1288 2496 1352 Johan-

259 1410 366 1451 nes
395 1390 755 1451 Mocenicus
787 1390 1078 1452 successit
1096 1389 1163 1474 2).
1233 1389 1437 1453 Sixtus
1468 1408 1616 1451 vero
1650 1408 1815 1471 papa
1846 1390 2215 1452 Florentinis
2259 1411 2491 1473 aquam

260 1508 321 1555 et
340 1490 357 1578 Η
380 1495 586 1578 ignem
622 1491 945 1567 interdicit,
993 1492 1219 1574 quibus
1264 1491 1460 1553 indies
1505 1511 1616 1571 per
1660 1511 1869 1575 regem
1907 1493 2389 1575 Neopolitanum
2434 1501 2497 1557 et
2517 1487 2568 1549 F
2572 1488 2649 1552 ol.
2671 1485 2795 1555 33¹³·

260 1597 549 1659 comitem
607 1593 1064 1669 Jeronimumd,
1126 1613 1327 1676 papae
1382 1601 1697 1675 nepotem,
1755 1595 1915 1658 bella
1965 1601 2277 1676 aptantur.
2364 1597 2494 1660 Lo-

160 1704 224 1750 10
258 1703 480 1760 custae
546 1699 736 1760 etiam
802 1717 910 1778 per
991 1696 1242 1759 Italiam
1320 1703 1589 1783 vagatae
1653 1697 1902 1759 Brixiae
1977 1717 2200 1783 agrum
2269 1699 2496 1781 oppido

263 1798 723 1886 devanstarunt3
782 1800 1055 1862 maxima
1114 1806 1307 1881 atque
1365 1800 1499 1861 lues
1555 1820 1664 1880 per
1707 1804 1904 1862 totam
1960 1800 2207 1862 Italiam
2268 1808 2501 1886 vagata
2543 1810 2756 1880 p.‚263.

261 1908 380 1977 est,
439 1902 598 1965 adeo
654 1909 727 1964 ut
768 1902 1049 1966 Veneciis
1095 1902 1262 1965 ultra
1303 1901 1489 1965 XXX.
1537 1902 1735 1964 millia
1787 1902 2108 1965 hominum
2164 1904 2498 1984 perierunt,

262 2010 323 2066 et
363 2005 543 2087 plura
587 2005 714 2068 alia
757 2005 841 2068 ibi
884 2012 1030 2068 sunt
1071 2008 1256 2069 facta.

257 2171 486 2306 Anno
532 2243 784 2306 Domini
835 2254 995 2312 1479
1033 2244 1378 2316 Maumeto,
1424 2224 1858 2311 Thurizorume
1887 2244 2199 2326 Asiaeque
2243 2244 2498 2331 minoris

158 2350 220 2395 ¹⁵
258 2333 637 2427 imperatori,
667 2366 776 2426 per
808 2346 1020 2408 omnia
1050 2345 1127 2407 ad
1158 2350 1305 2407 vota
1328 2347 1642 2409 successit.
1697 2346 2106 2421 Pannoniam,
2129 2347 2497 2430 Hungariae

264 2455 536 2529 partem,
586 2443 1032 2533 [permaxime]
1094 2449 1325 2530 rapinis
1392 2456 1453 2510 et
1506 2449 1718 2530 spoliis
1782 2469 1989 2512 rerum
2056 2439 2119 2512 et
2174 2448 2498 2511 hominum

261 2551 513 2613 vexavit
532 2547 600 2636 ³).
674 2550 932 2612 Obsedit
976 2569 1232 2633 quoque
1261 2555 1531 2613 castrum
1568 2552 1765 2613 sancti
1795 2551 1984 2625 Petri,
2030 2550 2196 2633 quod
2227 2552 2289 2613 in
2321 2551 2500 2614 Licia

259 2652 565 2717 Rodiani¹
603 2653 943 2734 possident,
988 2652 1096 2715 sed
1142 2673 1284 2716 cum
1331 2652 1771 2718 *confusione*
1815 2656 2142 2736 propulsus
2188 2661 2278 2717 est
2297 2655 2368 2730 4).

429 2857 663 2920 Eodem
712 2877 876 2920 anno
922 2859 1086 2921 cives
1120 2859 1601 2932 Eenbekcenses‚
1650 2859 1921 2940 [semper
1952 2860 2014 2921 in
2053 2860 2242 2922 armis
2286 2860 2498 2921 valen-

153 2972 223 3018 ρο
260 2955 402 3045 tes],
449 2960 671 3045 misere
715 2961 1006 3040 prostrati
1050 2970 1195 3050 sunt
1240 2959 1505 3040 [insidiis
1551 2962 1904 3043 malitiosis]
1951 2982 1990 3024 a
2034 2962 2290 3024 Hinrico
2338 2962 2500 3023 lant-

257 3063 477 3147 gravio
524 3062 601 3125 de
645 3063 900 3135 Hassia,
956 3062 1189 3125 domini
1236 3063 1409 3126 ducis
1453 3062 1776 3126 Wilhelmi
1821 3064 1978 3137 filio,
2034 3070 2096 3126 et
2141 3065 2365 3126 comite
2421 3064 2500 3126 de

260 3152 715 3249 Staelbergbess,
773 3165 999 3227 comite
1056 3185 1311 3249 quoque
1356 3166 1432 3229 de
1477 3167 1871 3251 Hoensteen,
1911 3173 2104 3248 atque
2148 3167 2375 3229 comite
2417 3166 2495 3228 de

260 3267 518 3329 Glichen
543 3266 614 3351 5).
1279 3261 1282 3264 ⁴

424 3370 555 3432 Rex
600 3389 855 3454 quoque
899 3374 1203 3436 Franciae
1249 3358 1626 3435 Ludewicus
1642 3371 1688 3446 ¹¹,
1745 3372 1974 3434 bellans
2033 3356 2263 3434 contra
2290 3372 2499 3434 Maxi-

155 3481 223 3526 25
259 3471 585 3534 milianum
618 3475 1022 3559 Burgundiao
1060 3476 1299 3550 ducem,
1334 3474 1602 3556 perdidit
1647 3475 1724 3537 de
1753 3476 1880 3537 suis
1921 3475 2084 3536 circa
2116 3474 2246 3537 VII.
2282 3474 2494 3536 millia.

259 3572 815 3651 *Maximilianus*,
851 3577 994 3639 licet
1031 3579 1244 3651 victor,
1283 3577 1408 3639 duo
1445 3577 1642 3639 millia
1679 3577 1952 3639 virorum
1992 3577 2197 3638 statim
2234 3575 2315 3638 ad
2355 3597 2499 3659 coe·-

259 3675 350 3736 los
394 3676 577 3751 misit,
620 3678 673 3738 si
716 3684 923 3741 tamen
970 3679 1264 3742 sathanas
1308 3700 1432 3741 non
1479 3678 1712 3741 obstitit
1734 3677 1802 3762 ⁶).

364 3813 417 3875 a)
453 3813 549 3863 Ed.
580 3813 662 3864 Li.
692 3831 745 3864 ιι.
770 3815 887 3865 Fa:
931 3814 1141 3866 Turcae.
1349 3816 1409 3876 b)
1449 3816 1519 3866 So
1559 3815 1662 3865 alle
1696 3814 2002 3880 Ausgaben.
2030 3844 2031 3847 =
2207 3811 2265 3870 e)
2294 3811 2393 3867 Ed.
2421 3809 2500 3859 Li.

465 3896 517 3931 ιι.
554 3881 671 3932 Fa:
708 3880 805 3932 IX.
1012 3882 1070 3945 d)
1107 3883 1200 3933 Ed.
1235 3883 1317 3934 Li.
1353 3900 1405 3934 ιι.
1443 3885 1559 3934 Fa:
1597 3881 1979 3948 Hieronymum.
2185 3881 2240 3937 e)
2289 3878 2385 3928 Ed.
2421 3877 2502 3926 Li.

468 3964 518 3998 ιι.
555 3950 643 3999 Fa.
678 3951 793 4001 hier
840 3951 948 4000 und
995 3952 1176 4002 weiter
1220 3951 1341 4002 hin:
1398 3951 1699 4002 'Fur-carum.
1939 3951 1989 4011 f)
2042 3948 2139 3999 Ed.
2174 3948 2254 3997 Li.
2290 3963 2344 3996 ιι.
2383 3946 2501 3996 Fa:

369 4044 374 4049 ·
468 4015 741 4068 Rhodiam.
958 4018 1018 4085 g)
1061 4019 1155 4069 Ed.
1192 4019 1272 4070 Li.
1311 4035 1362 4069 u-
1393 4021 1513 4070 Fa:
1561 4017 1869 4083 Staelberqe.
2092 4016 2158 4079 h)
2206 4015 2298 4065 Ed.
2335 4014 2416 4064 Li.
2452 4029 2502 4063 u.

466 4084 583 4134 Fa:
622 4084 943 4137 Ludowicus.

263 4252 469 4303 mar's
503 4253 670 4305 Forts.
722 4271 766 4304 z.
804 4255 857 4304 J.
901 4259 1026 4306 1⁴79
1066 4255 1140 4316 (S.
1172 4255 1329 4320 ⁴10),
1363 4273 1445 4307 wo
1482 4258 1566 4307 die
1602 4255 1966 4306 Einzelheiten
1999 4255 2172 4305 dieser
2204 4252 2378 4303 Fehde
2417 4267 2505 4315 ge-

261 4320 433 4385 geben
472 4321 604 4373 sind.
814 4324 871 4383 ὃ)
907 4325 1019 4374 Der
1040 4324 1259 4377 Schluss
1294 4325 1429 4376 fehlt
1461 4326 1518 4374 in
1553 4322 1897 4375 Detmar's
1924 4324 2091 4373 Forts.
2129 4322 2208 4382 (S.
2239 4323 2384 4381 410),
2420 4335 2503 4370 wo

260 4389 345 4440 die
380 4389 621 4441 Verliiste
655 4390 835 4442 beider
870 4391 1056 4443 Theile
1091 4393 1148 4442 in
1183 4392 1421 4458 gleicher
1455 4393 1633 4444 Weise
1670 4390 1977 4458 angegeben
2014 4390 2235 4441 werden.

1885 4499 1943 4543 21
