3158 5260
1063 560 1283 614 PARS.
1322 561 1381 615 V,
1439 561 1577 614 Arm.
1623 558 1796 615 1484.
1961 625 1966 630 ‚
2435 556 2563 623 363

340 764 567 841 gnatus
603 759 967 842 Rigensibus
1004 761 1408 830 amicabatur
1453 767 1514 824 et
1556 762 1637 824 ad
1670 767 1817 825 vota
1851 762 1968 825 deo
2000 764 2267 845 propitio
2306 761 2563 851 [opera-

344 855 577 956 batur}
663 862 1111 925 Exterminavit
1155 864 1317 924 enim
1363 839 1457 949 [et
1500 860 2030 951 depopulabatur]
2076 873 2304 929 terram
2363 888 2564 949 usque

319 955 422 1022 ad
468 963 763 1043 oppidum
809 964 1120 1039 Wenden,
1180 964 1394 1027 ordine
1438 986 1613 1027 more
1668 966 1869 1047 vulpis
1923 967 2222 1032 latitante.
2312 968 2568 1043 Dehinc,

241 1060 250 1068 ’
342 1064 505 1127 circa
539 1067 991 1144 penthecostes,
1024 1088 1213 1130 manu
1249 1067 1522 1131 violenta
1553 1070 1848 1153 Rigenses
1881 1071 2266 1151 occupabant
2296 1077 2563 1134 castrum

276 1169 304 1211 ⁵
343 1163 604 1252 [ordinis
670 1169 733 1231 in
801 1168 1079 1257 civitate]
1157 1172 1409 1254 Rigensi
1490 1172 1654 1234 circa
1726 1173 1987 1235 fluvium
2047 1173 2228 1236 Dune
2294 1181 2355 1236 et
2433 1176 2563 1237 solo

335 1272 728 1352 aequabant,
774 1273 984 1335 eiectis
1030 1275 1345 1348 omnibuS,
1402 1279 1612 1337 tamen
1658 1277 1930 1356 corporis
1979 1296 2119 1338 cum
2166 1278 2462 1357 sospitate
2505 1283 2567 1338 et

343 1380 652 1435 certorum
699 1376 1001 1437 bonorum
1044 1375 1465 1458 distractione,
1510 1375 1656 1458 *qui
1701 1378 1764 1438 in
1806 1377 2052 1448 eodem,
2098 1379 2347 1441 nomine
2401 1379 2568 1442 ordi-

341 1476 449 1549 nis,
494 1481 695 1537 castro
740 1477 1132 1552 existebant*,
1178 1474 1450 1564 [semper
1495 1480 1582 1539 eis
1631 1479 1747 1542 deo
1792 1480 2080 1560 propitio.
2163 1479 2264 1543 Sic
2309 1483 2566 1543 cuculus

340 1577 582 1640 duobus
625 1579 902 1660 privatus
948 1585 1040 1642 est
1083 1576 1294 1667 nidis].
1387 1582 1614 1644 Postea
1659 1585 1826 1644 facta
1879 1583 2116 1656 diaeta,
2177 1583 2374 1645 voluit
2435 1589 2568 1646 tota

245 1678 305 1721 ¹⁰
341 1687 523 1755 terra,
568 1681 693 1745 scil.
741 1688 868 1744 tam
906 1683 1259 1764 spirituales
1300 1703 1492 1766 quam
1522 1686 1850 1760 seculareS‚
1882 1683 2004 1747 *ut
2024 1685 2380 1766 praedictae
2406 1686 2571 1755 duae

341 1782 582 1865 *partes
645 1802 859 1864 pacem
921 1786 1145 1848 inirent
1203 1788 1321 1849 sub
1372 1806 1576 1868 poena
1633 1788 1824 1848 totius
1877 1787 2319 1850 devastationis
2378 1788 2570 1868 partis

228 1966 242 1978 ·
340 1885 558 1959 *illium
604 1905 769 1967 quae
812 1907 1029 1967 pacem
1077 1909 1196 1950 non
1244 1887 1584 1973 diligeret*.
1673 1890 1751 1951 Et
1781 1891 1870 1952 sic
1912 1890 2219 1970 pacificati
2257 1897 2416 1963 sunt,
2461 1891 2572 1953 Ri-

256 1999 261 2002 ’
340 1986 633 2069 gensibus
667 1987 1208 2067 triumphantibuS,
1254 1988 1468 2050 ordine
1507 2008 1654 2051 vero
1701 1997 2018 2052 moerente
2063 1997 2131 2053 et.
2160 2009 2379 2073 aspere
2424 2013 2572 2056 con-

342 2096 439 2150 tra
484 2088 799 2150 civitatem
857 2090 1256 2175 imaginante.
1343 2092 1703 2172 Capitulum
1753 2093 1917 2158 enim
1972 2094 2331 2175 episcopum
2386 2096 2574 2179 elegit

244 2196 306 2240 15
344 2190 695 2270 [dominum
761 2191 839 2252 de
914 2191 1398 2277 Swertzeburg]‚
1466 2196 1721 2255 fratrem
1789 2195 2063 2276 episcopi
2127 2194 2569 2262 *Bremensis*.

343 2292 512 2355 Ordo
575 2312 722 2354 vero
781 2293 974 2354 alium
1037 2283 1117 2355 ad
1178 2296 1394 2357 urbem
1448 2296 1799 2358 Romanam
1845 2316 1989 2358 cum
2034 2297 2310 2377 pluribus
2355 2300 2571 2362 litteris

345 2395 713 2475 [electorum
764 2395 1040 2478 imperii]
1079 2396 1269 2473 misit3
1324 2398 1433 2478 qui
1472 2396 1650 2478 *post
1696 2400 1944 2461 vincula
1981 2405 2044 2462 et
2081 2400 2394 2464 carceres*
2438 2404 2571 2484 epi-

342 2502 666 2579 scopatum
699 2498 978 2573 obtinuit,
1013 2501 1076 2560 et
1106 2502 1503 2562 confirmatus
1527 2500 1866 2563 Liuoniam
1897 2502 2168 2566 intravit.
2228 2504 2378 2567 Fuit
2406 2505 2570 2568 enim

344 2601 729 2664 Reualiensis
771 2606 971 2664 natus
1037 2601 1175 2664 Non
1216 2602 1419 2665 minus
1457 2608 1668 2666 tamen
1711 2604 2052 2686 capitulum
2088 2604 2410 2689 [Rigense]
2461 2627 2573 2689 pro

244 2707 309 2751 20
343 2704 466 2766 alio
506 2703 571 2765 in
602 2701 620 2787 ΙΙ
644 2704 797 2766 urbe
826 2704 1109 2767 Romana
1143 2706 1513 2771 sollicitavit.
1584 2706 1706 2770 Sed
1749 2707 2025 2770 nondum
2068 2709 2205 2802 finis
2246 2712 2412 2772 facta
2458 2716 2568 2775 est.
2592 2715 2723 2779 Fol.
2751 2724 2873 2783 38⁸·

517 2805 756 2868 Eodem
786 2825 966 2881 anne,
995 2808 1403 2888 [Visitationis
1433 2810 1727 2892 MariaeJ,
1766 2813 1932 2872 facta
1968 2815 2059 2872 est
2083 2811 2335 2895 grandis
2365 2811 2574 2876 diaeta

344 2911 407 2971 in
453 2908 937 2989 Kopenhauenis
981 2929 1091 2990 per
1136 2911 1485 2972 Johannem
1531 2911 1766 2974 Daciae
1823 2930 2033 2995 regem
2075 2918 2143 2974 <et
2186 2913 2575 2977 civitatenses

347 3001 590 3092 [diebus
637 3013 863 3085 inultiS,
907 3015 1036 3076 sere
1081 3004 1282 3094 usque
1325 3015 1777 3096 Assumptionis
1822 3014 2125 3098 Mariae],
2170 3017 2276 3078 ubi
2320 3014 2569 3103 gravisfl
2624 3040 2674 3091 p.
2712 3029 2826 3076 2⁴6.

347 3114 738 3196 querimonia
801 3121 972 3177 mota
1035 3124 1127 3178 est
1185 3117 1263 3178 ab
1322 3117 1440 3178 illis
1500 3116 1577 3178 de
1625 3116 1914 3178 Dantisco
1960 3124 2021 3179 et
2080 3117 2300 3181 Lubek
2358 3125 2573 3183 contra

247 3223 308 3267 25
347 3216 741 3278 domicellum
808 3218 1139 3289 Jacobum,
1223 3225 1508 3299 nepotem
1576 3219 1893 3281 Cristierni
1973 3221 2136 3305 regis
2203 3220 2439 3284 Daciae
2512 3228 2573 3284 et

346 3318 543 3380 filium
587 3318 911 3393 Mauricii,
960 3320 1068 3401 qui
1112 3320 1239 3381 suis
1286 3339 1427 3381 cum
1474 3319 1874 3400 complicibus
1919 3340 2108 3383 naves
2153 3322 2380 3384 multas
2427 3341 2569 3384 cum

344 3419 601 3481 diversis
647 3421 819 3493 bonis
862 3423 1100 3502 rapuit,
1143 3421 1249 3483 sed
1295 3421 1513 3484 eadem
1559 3427 1797 3484 aestate
1842 3423 1905 3484 in
1941 3418 1959 3507 ΙΙ
1992 3424 2268 3503 partibus
2312 3425 2570 3487 Norwe-
2622 3466 2672 3516 p.
2711 3447 2839 3499 272,

345 3522 489 3606 giae
555 3522 732 3595 obiit,
803 3518 1012 3608 [cuius
1067 3523 1340 3584 animam
1389 3523 1722 3588 multitudo
1782 3525 2122 3587 inferorum
2182 3527 2262 3589 ad
2324 3529 2573 3591 baratra

348 3623 592 3686 ovando
621 3624 923 3705 perduxit.
997 3625 1328 3687 Restitutio
1373 3626 1622 3706 saepius
1668 3626 1871 3688 locum
1917 3615 2168 3714 habet].’
2227 3628 2574 3713 Dereliquit

239 3742 312 3809 '30
345 3733 555 3789 tamen
598 3726 755 3788 duos
785 3726 1134 3807 ’complices
1169 3727 1560 3790 Tzanderum
1596 3729 1934 3802 Hobuden‚
1980 3736 2042 3791 et
2087 3732 2282 3793 alium
2323 3733 2573 3796 nomine

347 3831 650 3913 Pyning⁸;
712 3831 944 3912 primus
1004 3831 1283 3910 proximo
1329 3849 1493 3892 anno
1540 3831 1692 3897 obiit
1737 3827 1831 3917 [et
1885 3832 2123 3915 gaudet
2181 3852 2322 3905 cum
2369 3833 2573 3895 domi-

347 3933 499 3996 cello
545 3928 711 4018 suo].
791 3933 975 3994 Prius
1042 3939 1251 3994 tamen
1316 3933 1703 3995 abstulerunt
1766 3935 1828 3995 in
1895 3935 2056 3996 facie
2122 3937 2388 4020 Angliae
2453 3937 2567 4001 111.

348 4037 772 4117 Hispanorum
819 4054 1006 4098 naves
1050 4035 1182 4097 sino
1226 4054 1446 4109 causa,
1517 4054 1674 4117 quas
1720 4036 1970 4098 domino
2016 4039 2150 4123 regi
2196 4040 2569 4105 obtulerunt.

350 4135 703 4226 [Facientes
747 4139 908 4200 enim
957 4144 1018 4200 et
1062 4138 1508 4204 consentientes
1554 4137 1772 4200 eadem
1820 4159 2023 4219 poena
2066 4142 2445 4222 plectuntur,
2500 4147 2572 4203 ut

246 4247 310 4293 ³5
348 4242 572 4306 dicitur
597 4241 674 4303 ad
690 4236 1056 4326 Romanos]
1118 4240 1412 4303 Civitates
1445 4245 1653 4303 tamen
1677 4239 1844 4304 *istis
1879 4244 2050 4306 bonis
2081 4265 2148 4306 se
2172 4245 2431 4306 miseere
2461 4243 2572 4307 de-

350 4345 623 4428 *dignati
668 4350 812 4406 sunt
840 4344 1199 4427 simpliciter
1240 4362 1349 4423 per
1388 4344 1680 4433 generale
1729 4343 2000 4415 edictum
2038 4346 2117 4413 de
2148 4346 2570 4415 ambonibus*.
