3158 5260
1030 548 1233 603 PARS
1289 502 1346 601 1⁹7,
1409 547 1545 602 Anu.
1584 548 1758 604 1471.
2184 604 2187 613 „
2380 540 2509 605 285

452 748 686 810 Eodem
722 766 904 821 anne,
936 748 1265 810 Frederico
1312 749 1670 811 marchione
1717 756 1891 811 extra
1936 749 2196 828 patriam
2244 756 2505 819 mortue,

288 850 454 910 venit
497 850 779 912 Albertus
837 854 1024 913 frater
1071 852 1203 913 eius
1249 852 1411 913 circa
1455 851 1779 913 Michaelis
1823 851 1885 913 in
1930 849 2403 912 Brandenborch
2450 857 2510 911 et

269 950 619 1015 ,honorifice
651 959 932 1034 receptus
965 958 1056 1015 est
1087 964 1158 1015 ut.
1182 973 1373 1015 verus
1410 955 1604 1016 heres,
1673 952 2008 1034 Voluitque
2045 971 2352 1032 occupare
2385 960 2510 1014 ter-

284 1072 418 1115 ram
466 1052 929 1129 Stettinensem,
982 1056 1087 1119 sed
1134 1055 1572 1118 concordatum
1622 1062 1712 1118 est
1737 1054 1803 1138 ¹).
1892 1055 2098 1117 Multa
2143 1057 2302 1117 enim
2343 1055 2510 1117 mala

219 1165 249 1210 ⁵
286 1164 498 1235 postea
557 1158 702 1218 fecit
758 1158 919 1219 clero
991 1166 1054 1220 et
1121 1158 1497 1231 exactiones,
1555 1160 1647 1219 ita
1709 1157 1875 1238 quod
1932 1157 2234 1220 dictarent
2296 1163 2511 1218 contra

286 1278 430 1319 eum
476 1261 848 1340 passionem,
896 1269 1082 1341 prout
1125 1260 1542 1345 evangelistae
1594 1260 1869 1321 scribunt
1923 1259 1999 1320 de
2043 1260 2248 1321 Pilato
2295 1266 2511 1321 contra

286 1361 625 1432 Christum,
692 1363 858 1443 quod
922 1362 1134 1437 valde,
1178 1363 1320 1423 tulit
1397 1362 1665 1446 indigne.
1788 1364 1962 1423 Anno
2026 1361 2275 1428 eodem,
2339 1368 2510 1441 sexta

288 1465 569 1547 Augusti,
606 1466 664 1526 in
705 1466 826 1528 diei
851 1466 1232 1546 crepuscula,
1259 1464 1402 1527 solis
1440 1472 1576 1546 post
1611 1484 1916 1538 occasum,
1952 1466 2242 1545 pontifex,
2278 1463 2508 1543 CCXX.

288 1566 348 1627 in
407 1587 683 1637 numero,
746 1569 984 1630 Paulus
1043 1568 1448 1640 in‚cubiculo
1511 1565 1762 1629 *morbo
1825 1568 2207 1648 apoplectico
2252 1573 2509 1628 vexatus

192 1678 252 1720 10
288 1667 720 1752 extinguitur*.
814 1670 880 1730 In
928 1671 1104 1731 cuius
1152 1672 1353 1733 locum
1392 1670 1583 1731 Nonis
1620 1671 1884 1754 Augusti
1924 1670 2152 1731 electus
2190 1676 2282 1753 est
2312 1668 2361 1730 F
2365 1687 2511 1733 tan-

289 1771 512 1839 ciscus,
576 1771 782 1833 Saena
836 1772 1162 1842 oriundus,
1225 1774 1317 1834 vir
1377 1773 1505 1834 vita
1564 1777 1626 1832 et
1681 1771 1960 1834 doctrina
2005 1773 2233 1845 claruS,
2292 1771 2507 1854 quiin

291 1872 503 1934 ordine
547 1873 855 1935 minorum
903 1894 1009 1954 per
1054 1894 1264 1936 omnes
1308 1874 1626 1959 dignitatis
1670 1874 1902 1956 gradus
1940 1874 2018 1937 ad
2057 1874 2507 1941 cardinalatum

290 1981 666 2054 pervenerat,
712 1983 774 2037 et
801 1975 1005 2038 Sixtus
1038 1984 1298 2058 quartus
1332 1977 1680 2058 appellatus
1724 1982 1831 2048 est,
1878 1976 2179 2060 [Ligurus
2211 1976 2525 2057 natione]„

287 2096 451 2138 anno
498 2077 806 2139 Frederici
854 2080 1241 2159 imperatoris
1288 2078 1532 2142 XXXII.
1615 2078 1786 2141 Sedit
1829 2079 2004 2141 annis
2050 2077 2234 2160 [fere]
2280 2078 2505 2153 X1111.;

188 2186 247 2229 ¹5
288 2180 486 2241 multa
552 2183 714 2242 bona
778 2182 840 2242 in
905 2183 1056 2243 urbe
1113 2183 1285 2253 fecit,
1353 2182 1578 2263 [vicos]
1646 2181 2080 2261 amplificando
2147 2188 2208 2242 et
2272 2181 2507 2261 plateas

287 2302 498 2344 omnes
561 2270 865 2362 lapidibus
923 2283 1244 2364 quadratis
1299 2284 1627 2345 sternendo
1684 2282 2031 2364 domusque
2086 2283 2506 2345 Romanorum

283 2386 550 2469 gloriose
596 2384 980 2448 aedificando
1026 2385 1338 2448 adiutorio
1384 2387 1612 2448 civium
1640 2387 1709 2465 ⁴2).

285 2655 526 2788 ANno
561 2726 807 2788 Domini
843 2737 1023 2800 1472,
1058 2738 1194 2808 post.
1227 2728 1446 2790 Trium
1480 2728 1740 2811 Regum,
1774 2727 2132 2790 Gherardus
2164 2726 2240 2787 de
2275 2724 2506 2788 Olden-

183 2830 248 2873 20
285 2829 454 2911 borg,
499 2829 767 2909 acceptis
811 2828 925 2893 L.⁶
967 2826 1230 2913 ssolirenis
1274 2830 1654 2892 Renensibus
1701 2849 1810 2910 pro
1856 2830 2029 2891 salvo
2076 2827 2383 2890 conductu
2428 2828 2507 2890 ab

284 2930 680 3004 institoribuS,
727 2931 834 3011 qui
881 2932 1107 2993 multos
1153 2950 1387 3012 pannos
1433 2932 1819 2993 devehebant
1864 2951 2063 3014 usque
2107 2931 2168 2992 in
2209 2929 2510 2992 Wilders-

286 3035 498 3108 husen,
534 3035 597 3095 in
620 3034 1053 3096 Delmenhorst
1077 3034 1286 3096 omnia
1324 3034 1596 3107 retinuit,
1620 3031 1731 3094 *ac
1752 3032 1842 3095 si*
1865 3034 2106 3095 salvum
2133 3032 2508 3094 conductum

285 3156 405 3197 non
452 3135 742 3207 dedisset,
799 3156 873 3197 eo
919 3136 1088 3218 quod
1133 3137 1507 3198 Lubicenses
1553 3137 1610 3198 ei
1656 3135 1884 3197 damno
1928 3136 2211 3208 fuissent,
2259 3134 2510 3215 quando

285 3237 675 3300 Holtzaciam
716 3238 1059 3319 dereliquit,
1105 3246 1176 3299 ut
1211 3240 1490 3302 asseruit.
1571 3233 1724 3324 [Sed
1765 3238 2099 3319 perdentur
2124 3257 2352 3308 omneS,
2400 3238 2507 3319 qui

181 3341 246 3384 25
284 3341 626 3421 loquuntur
673 3335 1118 3426 mendacium]
1142 3339 1190 3422 3)

455 3546 633 3607 Circa
678 3544 841 3606 idem
900 3551 1142 3624 tempus
1186 3546 1481 3624 apparuit
1524 3553 1792 3606 cometes
1838 3563 2100 3629 magnus
2145 3543 2291 3624 *per
2335 3563 2512 3604 men-

282 3664 411 3707 sem
438 3645 868 3717 Januarium³¹2
904 3647 1173 3732 dirigens
1205 3664 1447 3708 comam
1484 3666 1698 3708 versus
1726 3644 2150 3729 *Zephyrum*
2165 3644 2208 3718 b,
2246 3640 2510 3731 [quam0

384 3802 439 3860 a)
475 3801 568 3851 Ed.
608 3802 724 3852 Fa:
761 3802 953 3868 accepit
986 3800 1029 3850 Ι.
1236 3800 1293 3862 b)
1329 3801 1421 3850 Ed„
1451 3817 1556 3866 pr.:
1596 3801 1866 3869 zephirum.
2073 3801 2126 3863 c)
2165 3803 2234 3852 So
2271 3802 2342 3852 ist
2375 3802 2512 3851 ohne

484 3869 725 3933 Zweifel‚
770 3869 836 3919 da
883 3886 939 3919 es
984 3885 1085 3919 nur
1126 3870 1221 3919 auf
1249 3886 1436 3918 comam
1470 3869 1641 3934 gehen
1679 3871 1847 3934 kann,
1894 3877 2021 3922 statt
2062 3885 2205 3935 quem
2250 3885 2317 3919 zu
2350 3869 2516 3932 lesen,

485 3952 591 3989 was
625 3939 721 3987 mit
755 3937 847 3988 der
881 3937 973 3986 Ed.
1011 3936 1089 3986 Li.
1129 3953 1176 3986 u.
1215 3937 1302 3986 Fa.
1341 3936 1476 3988 auch
1517 3937 1601 3987 die
1638 3938 1729 3987 Ed.
1767 3955 1841 4004 pr.
1878 3939 1981 3988 hat.

283 4159 618 4220 verfahrene)
644 4158 795 4210 Tuch
831 4161 886 4209 in
912 4157 1316 4209 Wildesbausen
1352 4158 1596 4222 gelassen
1632 4160 1724 4219 sei,
1766 4158 1846 4208 bis
1869 4159 2003 4208 Jene
2029 4157 2396 4208 Geleitsbriefe
2431 4172 2509 4206 er-

281 4227 490 4278 worben
528 4228 735 4289 hutten,
781 4228 887 4276 und
934 4226 1090 4277 cndct
1133 4226 1229 4274 mit
1263 4226 1409 4275 einer
1443 4226 1559 4275 dem
1596 4224 1789 4290 obigen
1828 4224 2078 4276 Scblusse
2128 4227 2359 4289 weniger
2402 4233 2503 4274 ent-

280 4295 666 4361 sprechenden‚
712 4293 789 4345 als
841 4293 1069 4344 dieselbe
1124 4291 1489 4344 erliiuternden
1539 4292 1876 4356 Benierkung
1920 4292 2050 4344 iiber
2099 4293 2181 4342 dic
2234 4290 2509 4342 Unschuld

277 4363 370 4413 der
402 4362 681 4414 Liibecker
716 4379 780 4414 an
816 4361 999 4415 Gerd's
1034 4363 1199 4412 Sturz.

2556 2871 2600 2920 p.
2643 2853 2764 2906 256.
