3158 5260
1048 496 1252 552 PARS
1311 498 1365 551 V.
1430 496 1569 549 Anu.
1615 492 1798 556 1483.
2332 489 2340 496 ’
2403 486 2531 554 359

294 701 647 783 spirituales
680 699 1085 780 propulerunt
1129 703 1192 759 et
1226 715 1428 778 usque
1462 696 1525 757 in
1566 714 1798 757 annum
1836 702 2038 761 1485·
2079 694 2211 757 sine
2257 695 2532 760 vindicta

301 804 578 884 humana
620 803 1036 883 perstiterunt.
1812 813 1817 818 ·

470 905 707 970 Eodem
753 923 916 967 anno
962 906 1195 966 sactum
1244 907 1335 963 est
1373 900 1664 962 horribile
1701 900 1957 972 bellum,
2012 906 2156 979 post
2189 900 2532 982 Michaelis,

298 1010 361 1071 in
409 1007 659 1092 Anglia,
705 1027 851 1091 rege
894 1005 1237 1088 Anglorum
1284 1009 1559 1076 mortuo,
1619 1002 1821 1064 amico
1869 1003 2028 1064 bono
2076 1001 2327 1085 linguae
2372 1005 2530 1067 Ger-

230 1126 259 1169 5
299 1110 609 1182 manicae,
678 1107 786 1188 qui
846 1107 1069 1179 voluit,
1138 1111 1209 1166 ut
1267 1125 1341 1168 eo
1402 1104 1693 1166 defuncto
1758 1104 2208 1186 primogenitus
2273 1106 2405 1168 eius
2466 1108 2528 1170 in

298 1229 511 1297 regem
546 1216 965 1273 coronaretur.
1033 1209 1310 1290 Reliquit
1343 1208 1508 1270 euim
1542 1207 1699 1269 duos
1739 1191 1897 1270 filios
1942 1213 2003 1269 et
2049 1207 2307 1270 totidem
2351 1210 2529 1284 filias,

295 1314 401 1376 sed
447 1314 509 1376 in
557 1313 657 1375 die
711 1311 1125 1374 coronationis
1172 1310 1435 1391 [insidiis
1481 1310 1743 1391 paratis]
1788 1308 2253 1373 *coronandus*
2307 1311 2528 1393 deper-

299 1415 463 1478 ditus
500 1421 607 1489 est,
653 1415 962 1496 multique
995 1413 1187 1494 partis
1231 1433 1384 1475 suae
1416 1414 1601 1475 occisi
1639 1418 1801 1486 sunt,
1845 1414 1953 1475 alii
1987 1432 2243 1495 quoque
2282 1415 2529 1496 profugi

298 1518 463 1580 sacti.
531 1516 802 1591 Quidam
837 1522 1139 1579 venerunt
1166 1517 1229 1578 in
1263 1516 1312 1577 F
1316 1515 1640 1591 landriam‚
1678 1515 2007 1578 Franciam
2041 1522 2102 1578 et
2127 1516 2530 1592 Britanniam,

203 1633 263 1678 10
299 1619 556 1701 quidam
615 1620 704 1700 [in
768 1620 870 1681 via
903 1616 921 1703 ΙΙ
954 1619 1151 1680 exitus
1196 1620 1445 1700 eorum]
1489 1618 1815 1680 summersi
1858 1622 2030 1692 sunt,
2087 1623 2149 1679 et
2190 1622 2391 1681 factus
2436 1626 2529 1682 est
2581 1648 2628 1698 p.
2669 1637 2782 1682 245.

300 1720 539 1784 *luctus
585 1719 858 1783 multus*
905 1722 1096 1802 partis
1142 1722 1324 1792 illius,
1372 1721 1480 1801 qui
1525 1718 2029 1783 *coronandum*
2074 1719 2430 1804 diligebant.

466 1823 703 1886 Eodem
742 1841 933 1897 anno,
989 1824 1153 1885 circa
1189 1824 1533 1897 Elizabeth,
1590 1816 1844 1905 quidam
1892 1822 2059 1885 missi
2102 1828 2247 1885 sunt
2289 1842 2329 1885 a
2374 1823 2533 1885 duce
2587 1884 2590 1887 ,

299 1926 694 2011 Magnopolis
753 1927 989 2012 Magno
1047 1926 1136 1994 ,ad
1204 1926 1703 2007 depraedandam
1775 1927 2016 1988 curiam
2084 1932 2230 1987 ante
2299 1926 2532 1989 Rostok

300 2028 464 2090 circa
528 2029 907 2109 patibulum,
976 2028 1141 2110 quod
1206 2027 1690 2091 Rostokcensesb
1757 2049 1877 2091 non
1930 2027 2131 2091 latuit.
2176 2093 2177 2096 ,
2220 2028 2532 2090 Exeuntes

203 2144 263 2187 15
300 2150 475 2215 ergo,
520 2132 797 2192 animose
844 2132 939 2213 [se
974 2131 1243 2193 vicissim
1283 2132 1651 2214 tangebant]
1697 2137 1842 2210 ante
1885 2130 2207 2193 introitum
2253 2130 2554 2193 eiusdem

301 2234 539 2307 curiae,
604 2240 875 2315 utraque
942 2239 1117 2314 parte
1178 2234 1471 2314 perdente
1529 2234 1686 2296 duos
1731 2234 1914 2297 viros,
2026 2232 2533 2316 [Rostokcensesc

299 2333 505 2397 enimd
548 2342 697 2398 tunc
738 2336 1031 2416 temporis
1077 2336 1387 2400 habebant
1428 2336 1819 2408 familiarem,
1866 2336 1974 2417 qui
2009 2336 2130 2397 suit
2162 2336 2324 2397 filius
2358 2336 2532 2397 inco-

299 2438 397 2500 lae
431 2439 643 2500 curiae
673 2440 1019 2519 praefatae3
1065 2438 1180 2499 iste
1225 2439 1548 2501 familiaris
1596 2438 1851 2501 abduxit
1881 2438 2199 2519 quendam
2247 2438 2529 2500 clanculo

264 2539 377 2602 .de
421 2541 680 2630 vinculis
725 2540 925 2613 duciS,
971 2542 1221 2603 civitate
1264 2540 1615 2625 ignorante3
1671 2541 1900 2604 idcirco
1946 2540 2071 2603 dux
2114 2541 2388 2626 Magnus
2431 2540 2528 2602 in-

149 2648 154 2653 “
201 2655 264 2699 20
300 2642 588 2728 dignatus
634 2648 729 2706 est
772 2644 919 2706 huic
962 2645 1181 2707 colono
1228 2650 1289 2707 et
1334 2645 1460 2706 filio
1506 2644 1692 2725 eius]

467 2745 703 2810 Eodem
749 2765 911 2825 anno
958 2740 1205 2809 amotus
1245 2752 1337 2809 est
1370 2748 1768 2811 Bernhardus
1807 2747 1883 2810 de
1917 2747 2119 2809 Borch
2160 2766 2200 2809 a
2233 2746 2534 2832 regimine

300 2848 572 2928 [patriae
614 2849 807 2929 ipsius
841 2850 1181 2932 Liuoniae]
1205 2847 1222 2934 ΙΙ
1242 2856 1493 2931 propter
1524 2849 1742 2912 *suam
1779 2848 2189 2912 tirannidem*
2228 2850 2289 2911 in
2337 2850 2534 2912 eccle·
2558 2829 2688 2893 FOl·
2715 2839 2838 2897 37⁶·

298 2952 456 3012 siam
501 2935 832 3036 Rigensem
882 2958 943 3014 et
987 2953 1300 3014 civitatem
1348 2959 1409 3014 et
1452 2956 1583 3015 fere
1628 2959 1823 3015 totam
1872 2952 2158 3033 patriam.
2238 2952 2535 3036 Rigenses
2578 2934 2630 2984 P'
2667 2914 2786 2967 271'

301 3054 465 3134 enim
510 3054 637 3116 iam
681 3055 864 3147 potiti
908 3061 1053 3117 sunt
1098 3061 1297 3118 castro
1347 3051 1644 3142 [ordinis]
1691 3046 1752 3117 in
1799 3054 2216 3117 Dunemunde
2259 3052 2532 3116 maxima

203 3163 263 3208 25
300 3175 441 3218 cum
496 3156 902 3230 iocunditate,
963 3163 1025 3219 et
1084 3157 1305 3220 deinde
1362 3159 1550 3220 dabat
1605 3157 1723 3219 illis
1767 3157 2071 3220 Dominus
2115 3156 2532 3219 *incrementa

299 3258 684 3340 gratiarum*
732 3261 1031 3341 temporis
1075 3261 1419 3324 intervallo.
1489 3261 1703 3324 Simon
1751 3280 2007 3342 quoque
2049 3260 2125 3322 de
2158 3260 2376 3334 Borch,
2420 3278 2534 3339 pa-

302 3367 478 3423 truus
545 3361 820 3423 eiusdem
882 3364 1165 3448 magistri
1227 3363 1485 3436 ordinis,
1543 3352 1646 3424 'his
1702 3362 1932 3424 auditis
1991 3362 2289 3425 musicale
2347 3380 2529 3424 suum

302 3464 466 3525 misit
501 3464 561 3525 in
602 3483 835 3544 peram,
882 3467 981 3526 cui
1028 3472 1237 3527 tamen
1283 3467 1344 3527 in
1390 3472 1576 3528 antea
1615 3465 1716 3526 vix
1753 3471 1888 3526 tota
1925 3467 2129 3546 patria
2166 3466 2530 3534 sufficiebat.

302 3566 355 3628 O
402 3565 632 3640 Simon,
678 3565 920 3642 Simon,
967 3587 1215 3643 caveas,
1262 3574 1323 3630 te
1367 3568 1615 3630 dirimet
1657 3566 1944 3631 daemon.

204 3778 268 3822 30
467 3770 703 3833 Eodem
772 3743 948 3832 anno·
1001 3773 1168 3833 facta
1230 3777 1321 3833 est
1378 3770 1588 3834 diaeta
1650 3770 1924 3833 maxima
1987 3770 2050 3831 in
2113 3769 2534 3856 Vlendisborg,

300 3872 720 3936 Katharinae⁰
765 3873 1051 3958 Virginis,
1099 3894 1207 3954 per
1251 3893 1463 3957 regem
1510 3864 1744 3936 Daciae
1787 3872 2155 3947 Johannem,
2203 3869 2530 3959 [praesen-
2575 3867 2578 3872 ’

302 3971 495 4062 tibus]
542 3976 902 4038 civitatibus
957 3982 1020 4038 et
1062 3982 1196 4038 tota
1240 3976 1488 4049 militia,
1546 3976 1652 4038 ubi
1695 3982 2033 4044 tractatum
2081 3980 2173 4036 est
2217 3975 2294 4036 de
2340 3975 2532 4056 privi-

302 4078 475 4163 legiis
536 4078 866 4141 comitatus
926 4085 987 4141 et
1046 4079 1400 4153 civitatum,
1470 4091 1635 4162 quae
1702 4086 1908 4142 tamen
1964 4098 2070 4142 rex
2127 4099 2248 4141 non
2294 4078 2530 4163 sigilla-

505 4267 847 4319 Rostoclzicen.
1033 4266 1091 4332 c)
1129 4268 1221 4318 Ed.
1236 4268 1314 4318 Li.
1332 4285 1381 4318 u.
1396 4268 1509 4319 Fa:
1546 4266 1920 4319 Rostokchicen.
2103 4265 2167 4328 d)
2205 4265 2298 4316 Ed.
2312 4282 2416 4332 pn:
2454 4249 2529 4327 ef,-

504 4337 599 4389 Ed.
625 4337 707 4391 Li.
727 4353 778 4389 u.
800 4337 914 4390 ΕΜ
951 4339 1012 4387 ei.
1189 4338 1239 4399 e)
1278 4336 1371 4390 Ed.
1398 4335 1506 4390 m:
1546 4335 1882 4398 Camerinam
1919 4335 2015 4390 Ed.
2036 4335 2160 4389 Fa:
2199 4333 2528 4389 catharinae.
