3158 5260
258 1360 284 1403 5

232 1868 289 1912 10

232 2376 287 2420 15

226 2894 290 2938 20

1094 563 1299 619 PARS
1341 566 1388 619 I.
1459 563 1620 617 CAP.
1667 561 1768 618 33.
1918 604 1934 615 ,
2461 553 2547 619 93

504 762 542 862 ξ
633 761 975 861 Sequitur
1029 764 1471 838 continuatio
1526 790 1619 837 ex
1670 763 1889 861 gestis
1942 763 2370 861 pontificum

1121 882 1630 956 Lubicensium
1663 881 1728 965 ¹).

1077 1037 1433 1117 Capitulum
1501 1035 1779 1099 XXXIII.

492 1240 522 1316 ξ
570 1239 627 1300 ΙΙ
673 1240 1014 1321 episcopus,
1114 1168 1281 1302 Iste
1319 1241 1641 1302 Conradus
1692 1247 2223 1320 praememoratus
2255 1235 2412 1324 [cap.
2450 1248 2547 1306 30.

324 1347 385 1402 et
424 1335 567 1425 31.],
611 1343 933 1422 episcopus
978 1342 1055 1403 11.
1105 1335 1518 1415 Lubicensisfi,
1563 1343 1797 1415 audite,
1845 1342 2012 1423 quod
2053 1341 2357 1403 Geroldus
2400 1361 2550 1402 suus

325 1452 691 1516 antecessor,
729 1445 820 1505 vir
855 1445 1183 1524 piissimuS‚
1227 1444 1492 1506 dedisset
1529 1440 1843 1529 [fratribus
1887 1446 1926 1508 i.
1963 1439 2043 1528 e.]
2080 1445 2387 1505 canonicis
2416 1445 2550 1505 Lu-

325 1546 579 1608 bicensis
612 1542 956 1633 [ecclesiae]
989 1549 1310 1609 ecclesiam
1359 1543 1688 1633 [forensem
1736 1549 1772 1609 i.
1822 1542 1901 1631 e.]
1947 1545 2203 1608 *beatae
2253 1545 2550 1630 Virginis*

323 1649 383 1709 in
432 1649 643 1711 Lubec
701 1669 841 1710 cum
903 1651 1185 1711 omnibus
1243 1651 1381 1724 suis„
1416 1648 1964 1711 *emolu1nentis*b
2024 1657 2085 1710 et
2144 1651 2453 1711 offertorio
2483 1648 2548 1734 2),

324 1753 454 1830 ipse
509 1751 677 1813 dedit
732 1753 961 1814 eisdem
1021 1753 1340 1814 ecclesiam
1397 1753 1593 1814 sancti
1652 1753 1819 1813 Petri
1879 1771 2019 1813 cum
2078 1753 2358 1814 omnibus
2403 1772 2550 1832 pro-

326 1855 605 1915 ventibus
638 1854 707 1934 3).
797 1855 920 1916 Hic
985 1861 1200 1935 postea
1269 1855 1528 1916 existens
1597 1855 1657 1914 in
1726 1855 1829 1915 via
1902 1854 2410 1938 peregrinationis
2469 1854 2546 1916 ad

325 1960 553 2015 terram
601 1959 877 2016 sanctam
927 1974 1067 2016 cum
1115 1955 1272 2016 duce
1319 1956 1588 2017 Henrico
1634 1955 1871 2028 Leone,
1920 1956 2070 2017 obiit
2091 1956 2140 2032 4)
2196 1956 2255 2017 in
2302 1956 2550 2017 civitate

326 2055 499 2129 Sum,
559 2075 724 2137 quae
784 2057 939 2118 alias
994 2057 1218 2118 dicitur
1272 2058 1458 2119 Tirus
1483 2067 1531 2130 0,
1585 2074 1767 2119 ‘anno
1824 2057 2074 2119 Domini
2138 2067 2326 2135 11683
2393 2058 2550 2120 sedit

326 2159 500 2220 annis
545 2179 648 2220 sex
678 2157 746 2243 ⁵).
2381 2178 2382 2181 ’

493 2261 523 2339 §
568 2261 678 2323 111.
711 2261 1052 2340 episcopus
1149 2261 1263 2321 Cui
1297 2262 1588 2324 successit
1614 2262 1904 2323 Hinricus
1939 2263 2125 2323 abbas
2160 2262 2239 2323 ad
2266 2270 2547 2325 sanctum

325 2362 657 2444 Egidiumd
702 2363 764 2424 in
812 2363 1233 2433 Brunszwike,
1290 2362 1517 2424 ordinis
1572 2365 1763 2425 sancti
1810 2363 2150 2436 Benedicti,
2196 2384 2234 2426 a
2279 2366 2547 2445 capitulo

325 2466 570 2538 electus,
617 2472 678 2526 et
724 2484 761 2526 a
799 2466 1332 2550 Havelsbergensi,
1357 2462 1373 2549 Η
1410 2466 1873 2551 Racisborgensi
1912 2474 1973 2527 et
2012 2466 2378 2528 Swerinensi
2418 2468 2551 2547 epi·
2573 2468 2706 2531 Fol.
2744 2467 2827 2536 θᾶ-

325 2568 524 2647 scopis
581 2567 640 2628 in
688 2568 1037 2649 praesentia
1083 2568 1255 2629 ducis
1306 2567 1554 2628 Henrici
1604 2567 1829 2628 Leonis
1874 2587 2037 2628 anno
2089 2567 2338 2630 Domini
2385 2579 2545 2637 1168

326 2676 716 2732 consecratus
740 2670 809 2747 6).
886 2670 1008 2732 Per
1047 2670 1211 2731 hunc
1264 2671 1488 2754 legitur
1534 2667 1867 2750 *ecclesia*
1911 2670 2269 2732 Lubicensis
2315 2670 2551 2733 *maior

325 2774 458 2834 fore
503 2771 852 2846 dedicata*,
898 2774 1025 2834 scil.
1073 2792 1235 2834 anno
1283 2772 1531 2833 Domini
1587 2782 1775 2844 1170,
1821 2768 1906 2857 [et
1948 2779 2067 2833 stat
2112 2774 2368 2835 ecclesia
2428 2776 2546 2837 ista

327 2874 555 2947 adhuc,
607 2894 769 2936 anno
813 2875 937 2937 scil.
976 2874 1226 2936 Domini
1271 2884 1460 2948 14773
1508 2881 1680 2953 patet
1717 2875 1923 2957 igitur,
1971 2875 2137 2955 quod
2177 2877 2354 2937 annis
2390 2875 2547 2941 XVI.

327 2985 463 3059 post
508 2977 1024 3052 introductionem
1072 2976 1397 3050 Gheroldi,
1443 2977 1489 3038 Ι.
1550 2977 1819 3057 episcopi
1866 2977 2241 3051 Lubicensis,
2288 2979 2548 3040 ecclesia

326 3081 540 3153 maior,
587 3100 751 3162 quae
796 3100 959 3142 nunc
1002 3074 1164 3164 stat],
1210 3091 1301 3140 est·
1346 3085 1703 3154 consecrata
1747 3081 1808 3140 in
1853 3080 2145 3141 honorem
2192 3086 2545 3142 sanctorum

323 3182 623 3245 ,Iohannis
657 3184 973 3262 Baptistae
1006 3189 1066 3244 et
1091 3183 1348 3246 Nicolai.
1420 3178 1662 3268 [Stabat
1694 3183 1884 3266 igitur
1917 3202 2078 3244 anno
2105 3182 2356 3244 Domini
2384 3192 2545 3250 1477

325 3285 499 3346 annis
546 3280 858 3370 CCCVH]
945 3285 1068 3346 Hic
1120 3286 1214 3347 vir
1270 3303 1535 3369 magnae
1590 3285 1884 3346 scientiae
1945 3291 2005 3347 et
2059 3285 2425 3357 sanctitatiS,
2472 3284 2548 3345 de

527 3573 836 3626 Lubicensis.
1057 3575 1115 3635 b)
1157 3577 1249 3626 Ed.
1285 3593 1388 3642 pit:
1437 3577 1778 3625 emolimentis.
2001 3576 2056 3634 c)
2093 3577 2186 3625 Ed.
2224 3576 2303 3625 Li.
2342 3592 2390 3626 ιι.
2429 3578 2546 3626 Fa:

524 3642 809 3762 ἒῖῐιέζωῶ.
915 3643 971 3705 d)
1008 3644 1104 3693 Ed.
1139 3645 1219 3695 Li.
1258 3660 1306 3693 u.
1344 3646 1461 3693 Fa:
1499 3643 1786 3709 Aeqidium.
1992 3643 2049 3706 e)
2087 3644 2181 3693 Ed.
2218 3644 2297 3694 Li.
2335 3660 2385 3693 u.
2425 3644 2544 3693 Fa:

322 3965 551 4029 gedenkt
587 3966 756 4016 weder
793 3966 1107 4016 Helmold
1142 3966 1279 4017 noch
1317 3967 1428 4017 sein
1469 3964 1814 4029 Continuator,
1852 3966 2187 4018 Arnoldus
2224 3967 2544 4018 LubecensiS.

323 4032 383 4094 3)
422 4034 472 4082 S.
509 4033 776 4084 Arnoldus
804 4033 997 4084 Lubec.
1034 4034 1149 4084 Lib.
1179 4035 1217 4083 1.
1255 4049 1300 4084 c.
1332 4040 1376 4084 8.
1415 4035 1445 4094 ξ
1472 4040 1534 4097 2.,
1571 4050 1621 4083 ιι.
1650 4035 2047 4100 Krummendyk
2080 4034 2180 4085 loc.
2218 4038 2305 4085 cit.
2346 4052 2393 4099 p.
2431 4042 2545 4085 395.

323 4107 376 4158 4)
414 4102 572 4150 Diese
609 4101 941 4167 Bemerkung
990 4103 1151 4152 findet
1187 4102 1296 4152 sich
1335 4102 1420 4152 bei
1458 4101 1657 4151 Arnold
1693 4103 1869 4166 nicht,
1906 4102 2042 4151 wohl
2080 4102 2203 4156 aber
2235 4102 2320 4152 bei
2358 4105 2548 4153 Krum-

322 4169 552 4233 mendyk
586 4185 635 4234 p.
664 4175 777 4218 396.
960 4173 1011 4227 5)
1051 4171 1205 4219 Diese
1226 4170 1444 4220 Notizen
1475 4169 1607 4219 iiber
1634 4170 1731 4219 den
1757 4169 2001 4220 Dombau
2036 4171 2207 4220 sehlen
2246 4170 2331 4219 bei
2356 4172 2546 4221 Krum·

322 4237 581 4303 mendyk,
628 4237 713 4287 bei
762 4238 878 4287 dem
932 4238 1016 4286 die
1071 4238 1206 4286 daun
1258 4238 1502 4303 folgende
1554 4237 1971 4289 Charakteristik
2023 4239 2195 4289 Bisch.
2242 4238 2543 4289 Heinrich's

322 4303 563 4356 wortlich
621 4305 813 4356 wieder
859 4305 1227 4371 gleichlautet,
1280 4307 1377 4355 wie
1411 4305 1538 4354 hier.
1757 4304 1816 4367 6)
1871 4305 1989 4372 Vgl.
2035 4307 2162 4356 Arn
2180 4306 2371 4357 oldus
2417 4305 2452 4356 1.
2497 4321 2542 4356 c.

322 4373 436 4424 Lib.
477 4374 543 4423 11.
595 4389 638 4423 c.
694 4379 766 4422 13.
804 4373 835 4433 ἓ
875 4378 919 4421 1.
956 4373 1042 4439 fig.
