3158 5260
229 1195 257 1235 5

203 1703 263 1747 10

1013 569 1217 624 PARS
1273 571 1330 623 V.
1388 569 1524 622 Ami.
1571 568 1751 623 1470.
2389 565 2516 628 279

294 792 441 833 vero
486 791 630 832 eum
677 770 819 832 odio
867 772 1197 844 habebant,
1258 774 1436 853 quasi
1494 771 1693 834 verbis
1736 773 1864 834 suis
1910 773 2189 853 vigorem
2235 792 2356 834 non
2405 773 2516 834 tri-

295 877 582 937 buentem
609 873 674 957 1).
751 874 985 936 Eodem
1033 883 1310 955 tempore
1353 875 1403 935 F
1406 875 1717 939 redericus
1764 875 2039 937 marchio
2084 874 2341 936 incurrit
2383 895 2517 936 me-

294 977 708 1038 lancholiam⁸
750 977 1114 1048 maximam,
1168 995 1242 1036 eo
1290 974 1458 1056 quod
1503 976 1585 1036 ad
1630 983 1776 1037 vota
1819 995 1935 1037 sua
1979 982 2187 1049 actum
2234 996 2356 1038 non
2402 977 2518 1038 fuit

295 1083 355 1142 in
390 1087 554 1141 terra
585 1078 823 1142 Stettin.
893 1076 1243 1140 Persuasub
1276 1097 1423 1161 ergo
1454 1097 1710 1139 suorum
1758 1078 1912 1140 adiit
1938 1079 2367 1153 Franconiam,
2414 1081 2513 1141 ubi

297 1184 604 1256 AlbertuS,
666 1186 854 1243 frater
895 1200 1073 1254 suuS,
1129 1180 1572 1264 burchgravius
1618 1179 1694 1255 de
1738 1181 2122 1265 Nurenberg,
2181 1181 2350 1243 dedit
2405 1182 2516 1243 sibi

295 1306 535 1354 annuos
579 1284 811 1347 reditus
856 1291 918 1355 et
962 1291 1200 1365 partem
1246 1291 1448 1345 terrae
1491 1284 1683 1355 illius,
1740 1290 1801 1345 et
1843 1284 2158 1349 Johannes
2202 1283 2364 1346 filius
2408 1285 2515 1347 Al-

297 1390 449 1451 berti
496 1387 810 1450 descendit
864 1389 925 1449 in
970 1394 1199 1450 terram
1246 1385 1558 1448 Frederici
1613 1385 1694 1447 ad
1745 1386 2213 1469 gubernandam
2269 1405 2407 1448 eam
2454 1388 2514 1448 in

295 1512 411 1553 sua
477 1492 755 1553 absentia
813 1510 1013 1571 usque
1065 1489 1142 1550 ad
1206 1489 1498 1561 hiemem,
1574 1488 1825 1570 quando
1892 1491 2341 1561 revertebatur,
2407 1489 2513 1550 sed

298 1596 626 1675 capucium
683 1599 869 1655 tenue
926 1592 1003 1654 de
1047 1593 1249 1673 capite
1292 1612 1405 1653 suo
1452 1612 1574 1654 non
1617 1593 1865 1654 recessit
1888 1591 1955 1675 2).
2047 1594 2276 1655 Postea
2318 1593 2516 1654 voluit

298 1697 750 1779 querimoniam
798 1696 947 1758 dare
991 1714 1200 1757 coram
1245 1696 1638 1776 imperatore,
1684 1715 1758 1756 eo
1800 1695 1969 1776 quod
2002 1716 2122 1758 non
2156 1695 2517 1757 obtinuisset

205 1878 208 1881 Ι
295 1806 524 1862 terram
576 1798 1062 1879 Stettinensium,
1142 1805 1203 1859 et
1273 1798 1403 1860 vita
1478 1800 1726 1860 functus
1802 1798 2036 1860 efflavit
2105 1799 2389 1879 spiritum
2452 1798 2516 1860 in

200 2219 259 2264 15

197 2738 263 2782 20

198 3382 260 3425 25

298 1902 512 1964 alienis
570 1902 847 1982 partibus
905 1919 1070 1962 anno
1131 1897 1375 1971 LXXL,
1445 1906 1584 1979 post
1642 1900 1862 1962 Trium
1924 1920 2141 1984 regum
2167 1898 2236 1985 3).
2337 1903 2514 1963 Anno

298 2003 516 2066 eodem
584 2005 800 2086 regina
856 2003 1174 2065 Dorotbea
1246 2003 1382 2067 iniit
1456 2001 1846 2074 concordiam
1928 2022 2069 2065 cum
2154 2022 2345 2066 uxore
2401 2004 2516 2066 do-

298 2105 448 2167 mini
511 2104 804 2185 Adolphi,
875 2104 1149 2166 defuncti
1209 2103 1381 2166 ducis
1435 2105 1824 2177 Holtzaciae,
1886 2112 1956 2166 ut
2013 2106 2321 2187 acciperet
2383 2108 2515 2169 eius

298 2209 587 2281 vitalitia,
642 2207 769 2270 scil.
817 2206 1229 2269 Reudisborch
1278 2214 1339 2269 et
1383 2207 1533 2281 alia,
1590 2213 1652 2269 et
1703 2207 1967 2269 solveret
2011 2208 2344 2282 retardata,
2387 2210 2514 2273 scil.

299 2313 423 2374 duo
472 2311 665 2372 millia
708 2317 770 2371 et
819 2309 936 2374 CC.
986 2312 1250 2371 florenos
1296 2329 1370 2371 ex
1413 2318 1590 2390 parte
1636 2310 1943 2372 Gherardi
1986 2310 2064 2372 de
2110 2310 2516 2383 Oldenborch,

302 2423 584 2495 tempore
630 2409 1086 2498 [occupationis
1121 2412 1371 2474 illorum
1409 2408 1763 2498 bonorum],
1809 2413 2030 2474 dehinc
2071 2432 2278 2474 annue
2323 2415 2522 2476 octin-

297 2522 514 2601 gentos
559 2518 822 2578 florenos
858 2515 1164 2576 Renenses
1208 2515 1287 2576 ad
1334 2515 1525 2576 vitam
1548 2513 1565 2599 Η
1588 2516 1838 2577 relictae
1881 2514 2113 2577 domini
2161 2515 2423 2597 Adolphi
2445 2514 2514 2601 4).
2542 2529 2671 2593 11’01⁸
2692 2527 2818 2598 28⁶*

467 2618 701 2681 Eodem
759 2638 921 2682 anno
976 2617 1103 2679 dux
1144 2619 1459 2680 Jobannes
1512 2619 1590 2681 de
1632 2618 2013 2704 Louenburg
2057 2619 2320 2682 excussit
2362 2619 2518 2683 duas

299 2723 475 2784 villas
520 2723 580 2783 in
636 2721 863 2782 diocesi
908 2721 1390 2804 Razeburgensi,
1454 2728 1514 2782 et
1566 2721 1629 2783 in
1675 2722 2001 2784 Holtzacia
2050 2723 2306 2803 diripuit
2349 2729 2518 2786 certa

299 2825 459 2886 bona
504 2824 875 2885 villanorum
919 2824 1109 2904 ipsius
1156 2823 1442 2886 Volradi⁰
1485 2822 1907 2898 Ritzerouwd3
1954 2828 2075 2887 fine
2118 2826 2288 2888 finali
2334 2846 2520 2907 opor-

297 2928 416 2989 tuit
459 2946 602 2989 eum
649 2926 879 2989 damna
922 2925 1250 2992 refundere
1274 2923 1340 3009 ⁵).

298 3097 522 3227 Anno
578 3166 825 3227 Domini
886 3175 1045 3233 1471
1102 3167 1424 3228 Thurcuse
1477 3165 1829 3227 Maumetes
1891 3165 2195 3228 horrenda
2254 3170 2400 3230 fecit
2454 3170 2516 3231 in

298 3268 688 3343 christianos3
734 3267 873 3329 ideo
911 3286 1076 3347 papa
1109 3268 1346 3330 Paulus
1386 3269 1611 3331 multas
1659 3268 2073 3349 processiones
2117 3275 2179 3330 et
2222 3270 2517 3333 stationes

296 3370 358 3431 in
425 3371 675 3450 propria
747 3389 1007 3450 persona
1075 3390 1184 3450 pro
1263 3372 1738 3456 christianorum
1806 3370 2227 3459 consolatione
2292 3380 2354 3434 et
2417 3393 2517 3435 re-

298 3473 650 3553 demptione
693 3474 931 3534 Romae
975 3474 1245 3535 servavit
1266 3471 1334 3555 6).
1423 3472 1658 3535 Eodem
1705 3491 1894 3544 ann0,
1948 3478 2085 3552 post
2128 3473 2346 3535 Trium
2394 3474 2516 3536 Re-

296 3595 464 3660 gum,
511 3576 661 3637 obiit
695 3576 842 3637 Otto
883 3574 1007 3637 dux
1044 3574 1563 3658 LuneburgensiS,
1608 3574 1920 3636 dimittens
1965 3580 2182 3637 natum
2227 3577 2410 3639 unius
2456 3592 2519 3639 et

398 3764 450 3823 a)
487 3764 580 3817 Ed.
599 3782 701 3830 pn:
733 3766 1089 3816 melancoliam.
1275 3764 1340 3827 b)
1379 3764 1472 3815 Ed.
1491 3781 1596 3830 pn:
1624 3780 1898 3831 prosuasu.
2085 3762 2144 3820 c)
2184 3762 2303 3813 Allo
2323 3763 2515 3830 Ausg.:

508 3831 736 3883 Valrade‘.
940 3832 996 3892 d)
1033 3833 1113 3883 Im
1148 3831 1336 3882 Hamb.
1371 3832 1653 3899 Exemplar
1688 3833 1757 3883 ist
1793 3847 1875 3881 am
1910 3830 2087 3882 Raude
2123 3831 2426 3897 beigefiigt:
2462 3835 2517 3883 in

502 3899 665 3950 Germ.
703 3910 780 3951 est
812 3900 1068 3951 Rantzow.
1273 3899 1331 3961 e)
1369 3900 1462 3950 Ed.
1485 3900 1564 3950 Li.
1589 3917 1638 3950 u.
1662 3901 1749 3950 Fa.
1775 3899 1913 3951 auch
1947 3899 2090 3949 hier:
2133 3897 2313 3950 Turca.

300 4122 357 4180 5)
403 4123 641 4173 Naheres
676 4123 823 4187 giebt
858 4121 1179 4172 Detmar's
1224 4123 1389 4173 Forts.
1425 4139 1470 4171 a.
1507 4137 1551 4170 a.
1591 4122 1651 4173 O.
1689 4123 1736 4171 S.
1763 4126 1862 4171 332
1899 4138 1950 4171 u.
1984 4128 2107 4183 333,
2143 4122 2356 4173 sondert
2390 4121 2517 4172 aber

296 4191 380 4239 die
433 4191 505 4239 im
557 4190 1038 4255 Ratzeburgischen
1092 4190 1200 4240 und
1250 4190 1336 4240 die
1388 4191 1468 4240 im.
1507 4189 1934 4240 Holsteinischen
1989 4190 2242 4241 vcriibten
2295 4190 2517 4239 Gewalt·

295 4258 669 4321 thatigkeiten,
720 4258 827 4307 und
863 4259 1100 4308 erwahnt
1136 4258 1286 4308 einen
1322 4259 1567 4309 Ritzerau
1616 4273 1674 4306 so
1720 4258 1896 4323 wenig
1939 4257 2217 4332 alsaeeinen
2265 4258 2513 4308 RantzaU.

297 4326 355 4385 6)
392 4327 549 4376 Diese
584 4325 738 4375 Notiz
774 4326 904 4376 fehlt
937 4327 992 4375 in
1028 4326 1355 4377 Detmar's
1390 4327 1751 4389 Fortsetzung.
