3158 5260
1045 535 1247 590 PARS
1304 536 1361 590 V.
1424 533 1565 593 Arm,
1607 533 1790 589 1475.
2404 527 2525 594 301

300 730 453 821 [Sed
487 735 756 797 Karolus
792 736 1041 797 Alberto
1079 735 1418 797 marchioni
1465 741 1528 797 et
1571 734 1934 815 imperatori
1981 733 2247 796 ostendit
2291 734 2526 818 effigies

302 835 604 917 quasdam
667 838 944 901 leoninas
987 838 1050 900 in
1109 839 1290 899 certis
1347 840 1723 899 florenorum
1788 837 2074 908 monetis,
2143 843 2204 897 et
2269 835 2531 898 cessavit

299 940 644 1020 quassati03
714 941 1145 1022 unusquisque
1209 948 1420 1002 autem
1478 942 1650 1003 iussu
1708 940 2096 1020 imperatoris
2153 938 2233 1001 ad
2280 939 2528 1019 propria

298 1043 626 1115 remeavit,
685 1042 790 1104 sed
838 1063 978 1104 cum
1027 1063 1336 1115 moerore,
1384 1043 1536 1123 quia
1579 1043 1887 1105 Karolum
1932 1043 2423 1125 deglutivissent,
2476 1042 2526 1102 si

234 1168 260 1210 5
299 1145 577 1223 permissi
621 1145 895 1207 fuissent.
1008 1147 1380 1226 Imperator,
1449 1146 1692 1229 legatus
1754 1164 1987 1226 papae,
2047 1144 2342 1216 Karolu8‚
2403 1143 2527 1204 dux

297 1246 604 1310 Saxoniae
648 1248 931 1334 Albertus
975 1255 1036 1309 et
1082 1248 1357 1310 marchio
1405 1248 1482 1310 de
1524 1247 2002 1310 Brandenborch
2037 1248 2319 1309 Albertus
2364 1245 2529 1307 luse-

295 1356 442 1410 runt
506 1350 620 1410 sub
696 1350 889 1430 pileo;
974 1348 1078 1410 sed
1148 1352 1358 1411 sumus
1423 1350 1583 1413 inter
1649 1350 2068 1412 Macbabaeos
2135 1351 2369 1411 factum
2440 1349 2527 1410 rei

297 1449 651 1513 declarabat
676 1448 796 1537 ¹).]33

295 1618 523 1751 Anno
570 1690 820 1752 Domini
872 1700 1074 1758 1475³
1118 1692 1358 1770 hospite
1413 1712 1533 1753 non
1581 1692 1851 1753 salutato
1900 1710 2104 1753 comes
2152 1690 2525 1758 Gherardus,

201 1812 259 1855 lo
296 1810 578 1853 reversus
635 1791 711 1853 de
751 1793 1038 1864 Colonia,
1094 1798 1445 1854 maceratus
1503 1813 1704 1874 usque
1748 1793 1826 1854 ad
1873 1799 2100 1864 costae,
2156 1790 2528 1872 *praedam*

298 1894 549 1955 abstulit
581 1894 935 1957 Frisonibus
960 1892 1065 1982 [ad
1088 1890 1375 1980 tempus}
1435 1897 1513 1956 At
1547 1896 1681 1975 ipsi,
1715 1896 1829 1960 iter
1859 1897 2157 1968 strictum,
2184 1889 2320 1978 [ubi
2352 1902 2528 1956 erant

299 1995 411 2072 ipsi
460 1994 680 2056 ribaldi
725 1995 945 2057 exituri
996 2015 1136 2057 cum
1185 1994 1476 2075 praeda],
1523 1998 1943 2069 observantes»,
1992 1998 2347 2058 occiderunt
2392 1997 2527 2059 abi-

296 2115 445 2177 geos
500 2097 647 2157 istos
704 2097 998 2158 ducentos
1057 2098 1544 2181 quinquaginta,
1605 2100 1827 2180 reliqui
1888 2103 2142 2181 quoque‘
2198 2094 2527 2162 evaserunt

296 2198 433 2259 nisu
500 2199 732 2270 validO,
801 2199 967 2280 quod
1024 2199 1347 2261 Gberardo
1406 2200 1734 2280 displicuit.
1840 2203 2064 2264 Postea
2127 2188 2522 2263 aedificatum

195 2317 257 2360 15
297 2304 662 2364 fortalitium
718 2303 798 2364 ad
845 2303 1167 2363 Weseram
1215 2322 1323 2383 per
1370 2324 1541 2375 eum,
1590 2327 1664 2366 ne
1713 2307 2068 2383 Bremenses
2114 2325 2285 2366 mare
2329 2305 2524 2365 intra-

296 2411 449 2476 rent,
489 2405 848 2465 Bremenses
894 2405 1327 2466 destruxerunt
1372 2413 1433 2465 et
1463 2405 1645 2468 XXV.
1682 2426 1949 2486 nequam
1988 2407 2213 2468 ibidem
2251 2414 2523 2486 repertos

297 2502 407 2591 [ad
455 2508 656 2568 coelos
702 2501 1043 2592 mittentes]
1090 2505 1524 2587 decapitarunt
1546 2510 1616 2590 2).

465 2917 698 2979 Eodem
743 2924 1021 2999 tempore
1065 2920 1263 2980 multa
1312 2919 1469 2981 bella
1513 2926 1690 3001 gesta
1734 2927 1876 2981 sunt
1920 2921 1984 2982 in
2022 2922 2325 3001 superiori
2363 2922 2523 2983 Bur-

291 3020 528 3104 gundia
575 3042 681 3100 per
728 3019 1009 3083 Sueuosb
1057 3027 1270 3082 contra
1315 3022 1621 3083 Karolum
1670 3017 2219 3106 [Burgundionum
2266 3018 2520 3109 ducem]

184 3148 256 3192 20
292 3134 352 3186 et
395 3146 540 3197 suos
565 3124 631 3208 ³).

462 3226 697 3289 Eodem
746 3245 909 3288 anno
953 3245 1118 3306 papa
1152 3226 1357 3289 Sixtus
1404 3232 1666 3307 quartus
1712 3226 1977 3287 instituit
2021 3226 2314 3289 celebrari
2363 3227 2523 3288 iubi-

294 3330 500 3391 laeum
544 3329 620 3391 de
665 3347 828 3391 anno
874 3328 1057 3392 XXV.
1103 3330 1164 3391 in
1211 3327 1427 3402 XXV,
1483 3336 1552 3389 ut
1609 3330 1805 3390 omnis
1854 3328 2208 3390 huiusmodi
2251 3330 2520 3413 gratiam
2558 3321 2561 3323 ’

289 3439 461 3494 aetas
508 3439 875 3503 mereretur,
924 3427 1142 3516 [prout
1188 3432 1445 3503 PauluS,
1503 3451 1654 3492 suus
1703 3431 2164 3510 praedecessor,
2209 3431 2372 3491 aeris
2413 3429 2522 3491 ’ᾶί-

289 3534 507 3608 lector,
553 3529 863 3620 concepit]
886 3533 956 3617 4).

390 3723 447 3778 a)
484 3723 577 3773 Ed.
600 3723 681 3772 Li.
712 3738 760 3772 u.
790 3723 906 3772 Fa.:
946 3720 1115 3781 1477,·
1151 3722 1286 3787 Mrg.
1323 3721 1492 3787 Hbg.:
1529 3717 1687 3769 1477.
1894 3720 1956 3782 b)
1994 3721 2071 3770 Zu
2108 3720 2303 3770 diesem
2339 3718 2519 3768 Wonte

491 3793 562 3841 ist
617 3791 734 3840 hier
790 3790 896 3840 und
956 3789 1188 3841 nachher
1256 3804 1386 3839 zum·
1447 3788 1610 3839 Jahre
1668 3792 1794 3838 1476
1869 3790 1941 3837 im
1999 3787 2189 3839 Hamb.
2236 3785 2520 3851 Exemplar

490 3858 754 3909 hemerkt:
792 3851 989 3918 Bmiffet
1024 3857 1131 3907 und
1166 3851 1436 3917 Bmifleren.

287 4079 378 4129 der
423 4080 620 4144 Kriege
664 4078 827 4130 Carl’s
871 4096 1040 4144 gegen
1090 4080 1172 4129 die
1219 4079 1701 4131 Schweizerischen
1748 4079 2241 4144 Bundesgenossen‚
2293 4094 2351 4128 so
2401 4092 2517 4127 aus-

281 4146 518 4197 ffihrlich
558 4148 641 4197 die
669 4147 1012 4213 Darstellung
1047 4149 1100 4195 in
1131 4147 1457 4197 Detmar's
1487 4147 1654 4196 Forts.
1690 4148 1800 4197 ιδ.
1827 4152 1952 4196 1475
1983 4149 2313 4207 (8.369-71
2344 4161 2396 4194 u.
2423 4145 2514 4202 73)

287 4215 392 4263 und
430 4232 473 4264 z.
512 4215 564 4263 J.
604 4218 731 4263 1476
770 4214 851 4276 (S.
889 4219 984 4265 374
1026 4218 1199 4279 flgg.).·
1400 4214 1451 4274 4)
1503 4216 1608 4263 Des
1656 4214 1864 4264 Jubilai
1910 4214 2142 4280 gedenkt
2176 4209 2516 4264 Detmar's

284 4283 453 4332 Forte.
489 4281 663 4343 nicht,
708 4281 840 4331 eben
875 4300 934 4332 so
972 4285 1145 4347 wcnig
1191 4283 1401 4345 dessen‚
1449 4297 1556 4332 was
1595 4281 1685 4333 der
1728 4283 1971 4347 folgende
2019 4281 2051 4343 S
2104 4298 2209 4331 von
2253 4281 2343 4330 der
2390 4279 2514 4328 Ver-

285 4349 508 4415 fulgung
546 4350 636 4399 der
668 4349 843 4401 Juden
880 4367 944 4403 zu
983 4352 1167 4403 Trient
1201 4350 1472 4402 berichtet.

2576 1453 2624 1502 p.
2664 1433 2787 1487 259.
