3158 5260
989 569 1192 626 PARS
1249 574 1306 624 V.
1367 572 1505 625 Arm.
1552 566 1735 634 1489.
2354 558 2471 622 271

430 768 665 831 Eodem
706 784 887 841 anne,
923 767 1193 849 Philippi
1233 775 1294 830 et
1321 758 1556 840 Jaccbi‚
1603 771 1738 830 erat
1782 767 2125 828 communis
2170 765 2377 828 diaeta
2420 767 2483 827 in

258 870 506 934 Lubek¹
546 873 671 933 sere
738 872 1013 933 omnium
1090 871 1410 933 ci'vitatum
1489 869 1564 931 de
1646 869 1861 932 Hansa
1938 887 2158 931 causas
2239 871 2485 948 propter

258 960 531 1036 diversas
556 971 620 1057 1).

427 1079 605 1138 Anno
679 1076 897 1137 eodem
976 1074 1145 1136 dedit
1215 1091 1375 1154 papa
1441 1074 1678 1136 Paulus
1748 1092 2005 1156 magnas
2060 1081 2119 1133 et
2182 1073 2487 1151 plenarias

196 1192 222 1235 5
261 1177 675 1262 indulgentias
758 1178 1039 1239 omnibus
1121 1176 1355 1237 auxilia
1429 1173 1762 1237 serentibus
1814 1181 2030 1236 contra
2091 1172 2485 1235 maledictum

262 1280 599 1363 Georgium
688 1298 899 1362 regem
988 1278 1348 1350 Bohemiae‚
1438 1286 1500 1338 et
1593 1276 1866 1339 Mathias
1956 1276 2272 1360 Ungariae
2383 1295 2487 1337 rex

266 1400 556 1464 magnam
604 1381 879 1443 eiusdem
926 1381 1227 1443 exercitus
1285 1386 1522 1460 partem
1569 1380 1843 1442 concutit
1888 1398 1962 1441 ac
2006 1380 2178 1461 regni
2221 1378 2491 1459 plurima

268 1489 443 1565 parte
476 1485 693 1563 privat,
741 1483 1126 1565 [iuvantibus
1170 1501 1315 1544 eum
1350 1483 1527 1544 certis
1554 1478 1571 1565 ss
1597 1483 1974 1546 Germaniae
2005 1481 2494 1563 Pannoniaeque
2516 1481 2791 1551 Fotzw·

269 1586 661 1667 principibus,
710 1586 1030 1647 Pannonia
1066 1582 1206 1666 pars
1234 1590 1325 1647 est
1342 1584 1710 1668 Hungariae
1733 1585 2242 1665 conterminaque
2273 1580 2394 1670 illi]
2420 1582 2488 1668 2).

172 1699 231 1743 10
268 1687 540 1750 Collecta
566 1695 657 1749 est
677 1685 919 1749 *enim*
940 1706 1169 1770 magna
1199 1684 1481 1770 pesscunia
1514 1686 1593 1748 ad
1624 1687 1840 1749 cistam
1869 1688 1930 1748 in
1965 1687 2183 1748 maiori
2213 1687 2509 1773 ecclesia„
2536 1730 2570 1779 p
2626 1712 2747 1765 253.

269 1791 374 1856 sed
418 1798 602 1853 noctu
652 1789 840 1851 validi
889 1789 1307 1852 mendicantes
1346 1787 1616 1851 *exteri*
1654 1784 1904 1874 [aculeo
1940 1789 2205 1869 viscoso]
2242 1808 2487 1851 omnem

267 1895 446 1957 istam
493 1893 817 1973 pecuniam
874 1892 1091 1972 piscati
1137 1897 1307 1968 sunt3
1353 1891 1504 1955 ,ideo
1560 1891 1815 1972 quidam
1878 1891 1954 1954 de
2007 1891 2124 1953 illis
2171 1898 2384 1971 postea
2426 1894 2488 1956 in

268 1995 403 2058 aliis
446 1996 721 2076 partibus
765 1994 987 2057 *rotati
1031 1993 1211 2057 sunt*
1234 1993 1299 2079 3).

436 2097 592 2160 Item
640 2098 856 2160 eodem
903 2118 1084 2171 anne,
1132 2094 1335 2184 [Petri
1381 2106 1443 2158 et
1478 2097 1662 2158 Pauli
1691 2089 2179 2179 Apostolorum}
2227 2096 2491 2157 maiores

166 2208 231 2252 '¹⁵
273 2201 545 2263 Holtzati
594 2206 655 2262 et
703 2196 1048 2263 Ditmartici
1095 2201 1367 2262 inierunt
1411 2198 1629 2262 foedus
1676 2218 1815 2260 cum
1863 2197 2308 2260 Lubicensibus
2327 2196 2395 2280 4).

438 2304 611 2364 Anno
669 2301 883 2363 eodem
943 2303 1110 2364 venit
1163 2302 1440 2363 marchio
1489 2300 1850 2363 Fredericus
1908 2300 1985 2363 de
2031 2299 2492 2385 Brandenburg,

270 2405 447 2466 circa·
499 2407 723 2464 festum
781 2405 1025 2476 Sambi,
1094 2398 1383 2488 [iterum]
1454 2403 1751 2482 populose
1820 2404 1880 2466 in
1950 2412 2177 2466 terram
2240 2402 2493 2481 Stettyn,

273 2501 446 2590 [licet
489 2505 692 2567 minus
736 2501 958 2591 iuste]‚
1005 2506 1397 2587 occurritque
1441 2505 1528 2568 illi
1574 2509 1781 2568 fautor
1826 2506 1987 2578 eius,
2034 2505 2324 2568 Hinricus
2370 2504 2493 2566 dux

276 2608 353 2670 de
389 2606 884 2683 Mekelenborch‚
926 2618 1134 2671 turma
1169 2628 1309 2671 cum
1346 2610 1561 2682 multa,
1609 2608 1916 2690 [similiter
1948 2614 2009 2670 et
2046 2607 2169 2670 dux
2206 2606 2494 2693 Stargar-

171 2726 236 2770 20
271 2709 412 2773 diae
444 2711 704 2786 olricus
750 2730 891 2773 cum
927 2711 1148 2773 militia
1183 2719 1244 2774 et
1281 2713 1521 2798 vulgo}
1606 2712 1681 2773 Et
1720 2712 2088 2774 obsederunt
2128 2711 2355 2791 [multa
2385 2710 2495 2772 de-

273 2812 539 2874 bellandi
596 2822 657 2875 et
716 2815 1069 2877 destruendi
1125 2816 1439 2895 sperantia
1484 2814 1810 2895 oppidum]
1868 2814 2266 2879 Ukermunde
2308 2834 2496 2895 super

273 2915 542 2978 Oderam
578 2916 783 2990 situm,
814 2917 874 2979 in
916 2917 1081 2979 hunc
1116 2920 1319 3006 finem,
1351 2938 1428 2979 ne
1454 2918 1570 2998 ipsi
1602 2916 1998 2981 Stettinenses
2031 2921 2496 2999 frequentarent

277 3036 465 3080 mare.
537 3017 737 3080 Duces
786 3038 950 3093 vere,
1008 3019 1422 3081 pomeraniae
1468 3020 1700 3082 scilicet
1740 3026 1800 3082 et
1833 3020 2212 3092 Bardensis⁸‚
2260 3022 2495 3092 fratres

274 3119 583 3182 habebant
649 3119 946 3184 *multam
1015 3121 1337 3184 militiam*
1401 3123 1461 3183 in
1528 3122 1961 3192 Ukermunde,
2036 3123 2496 3204 ⁸‘¹‘protelabatur

176 3233 239 3276 2⁵
276 3228 486 3282 autem
526 3221 800 3284 obsidio*
839 3223 1071 3305 [usque
1105 3230 1243 3304 post
1273 3227 1495 3286 festum
1534 3225 1888 3287 Nativitatis
1921 3226 2168 3289 Mariae
2197 3223 2498 3308 Virginis]

275 3321 454 3385 *cum
515 3326 682 3385 same
741 3332 802 3385 et
859 3327 1106 3388 miseria
1173 3328 1320 3415 satis
1379 3346 1610 3410 magna
1682 3328 1956 3407 ipsorum
2026 3325 2495 3390 obsidentium*.

275 3423 581 3487 Miserunt
623 3433 835 3488 autem
883 3448 992 3507 pro
1040 3429 1407 3491 victualibus
1449 3430 1772 3513 sexaginta
1809 3449 2042 3502 currus
2088 3448 2245 3511 quos
2284 3449 2495 3491 omnes

275 3547 416 3590 cum
450 3527 704 3591 soldatis
748 3529 971 3591 iunctis
1012 3528 1606 3612 [apprehenderunt]
1651 3532 1739 3594 illi
1771 3530 1849 3593 de
1878 3532 2196 3605 Ankelem,
2242 3532 2499 3613 quibus-

276 3629 419 3692 dam
481 3630 721 3704 occisiS‚
782 3631 919 3693 aliis
966 3651 1111 3693 vero
1168 3634 1518 3713 captivatiS,
1577 3634 1737 3695 inter
1793 3652 1951 3714 quos
1996 3634 2320 3696 consulum
2367 3639 2501 3696 erat

277 3749 438 3795 unus
482 3732 1005 3819 wismargensisb
1029 3731 1096 3817 ⁵).
1187 3732 1370 3798 *Fuit
1423 3738 1586 3799 enim
1633 3736 1693 3798 in
1743 3734 2057 3817 praedicto
2102 3734 2501 3798 Ukermunde

375 3888 435 3952 a)
472 3887 592 3939 Allo
627 3888 913 3953 Ausgaben
951 3888 1143 3940 haben*
1164 3886 1479 3949 Bar-denne,-
1531 3863 1766 3942 offenbar
1801 3892 1947 3956 irrig.
2154 3890 2214 3954 b)
2251 3890 2346 3941 Ed.
2379 3891 2498 3942 Fa:

493 3953 887 4007 Wismariensis.

276 4176 337 4237 3)
391 4176 510 4240 Vgl.
566 4175 696 4227 iiber
740 4177 920 4228 diesen
966 4176 1117 4227 Raab
1168 4178 1259 4227 der
1306 4176 1680 4241 Ablassgelder
1732 4178 1972 4229 ebendas*
2031 4181 2082 4229 S.
2121 4186 2235 4230 319.
2283 4186 2345 4229 20
2394 4180 2500 4230 und

279 4245 331 4294 S.
370 4250 484 4294 333.
522 4249 586 4294 34
634 4243 709 4304 (z.
743 4245 797 4293 J.
837 4245 1009 4304 1470).
1217 4245 1269 4305 4)
1317 4246 1433 4294 Den
1469 4245 1645 4294 Inhalt
1692 4245 1860 4296 dieses
1896 4246 2218 4298 Biindnisses
2252 4247 2401 4312 giebt
2435 4262 2501 4297 an

277 4312 607 4362 Detmar's
645 4312 812 4361 Forts.
859 4330 903 4361 z.
941 4314 992 4362 J.
1037 4319 1162 4363 1469
1213 4312 1289 4373 (a.
1326 4329 1370 4362 a.
1410 4312 1471 4363 Ο.
1519 4314 1571 4363 S.
1613 4315 1754 4375 320).
1963 4316 2022 4374 5)
2070 4316 2120 4363 S.
2164 4314 2502 4365 Detmar’s

277 4378 444 4428 Forts.
484 4396 524 4428 z.
563 4381 615 4428 J.
657 4385 784 4428 1469
822 4378 895 4439 (a,
937 4396 979 4430 a.
1018 4380 1080 4430 O.
1117 4382 1168 4428 S.
1208 4386 1320 4431 322.
1357 4385 1484 4440 23).-
