3158 5260
1037 561 1240 616 PARS
1258 509 1269 532 ⁸
1295 563 1353 614 V.
1411 562 1550 615 Ann.
1597 562 1779 617 1476.
2397 559 2523 624 309

460 761 614 821 Item
672 761 948 823 veneciis
1012 762 1234 823 Petrus
1279 763 1639 824 Mocenicus
1699 763 1821 825 dux
1882 765 2170 838 moritur,
2229 766 2289 827 in
2346 768 2521 828 cuius

292 862 496 923 locum
542 863 816 925 Andreas
865 864 1474 952 Ὶξεεηάτεηῐιηηήηιιεα
1517 867 1821 927 sufficitur
1847 867 1912 943 1).

459 964 615 1026 Item
670 966 832 1028 circa
878 965 1159 1028 Natalisb
1206 968 1428 1029 Christi
1485 968 1635 1029 obiit
1690 988 1894 1031 comes
1939 969 2273 1049 palatium,
2335 973 2523 1033 frater

291 1065 539 1128 Roberti
586 1067 855 1147 episcopi
896 1069 1291 1140 ColoniensiS,
1338 1089 1525 1151 quem
1571 1076 1777 1131 tamen
1821 1071 2112 1151 quid-ame
2156 1065 2523 1134 recusabant

225 1187 252 1230 5
289 1168 400 1230 sibi
436 1188 545 1247 pro
579 1169 866 1249 episcopo
899 1171 1076 1250 quasi
1112 1171 1449 1250 periurum,
1479 1178 1540 1233 et
1571 1191 1679 1252 per
1712 1191 2092 1253 consequens
2116 1173 2435 1256 indignum
2457 1173 2521 1258 2).

462 1270 694 1331 Eodem
729 1290 892 1332 anno
926 1273 1160 1333 occisus
1195 1280 1285 1333 est
1322 1271 1445 1333 dux
1479 1272 1963 1335 Mediolanensis
1999 1273 2322 1355 Philippus
2365 1275 2521 1355 [sive

291 1370 622 1432 Galeacius
669 1372 905 1454 Maria]
952 1374 1013 1435 in
1074 1375 1334 1454 temp10‚
1381 1379 1442 1434 et
1485 1377 1641 1435 festo
1688 1375 1881 1435 sancti
1927 1373 2220 1454 Stephani
2268 1380 2522 1458 protho-

294 1473 591 1552 martyriS,
628 1469 645 1557 ΙΙ
668 1493 740 1535 eo
787 1474 952 1555 quod
1001 1474 1266 1537 detinuit
1307 1476 1367 1537 in
1416 1494 1601 1551 usum
1648 1476 1951 1538 lubricum
2009 1478 2333 1544 cuiusdam
2374 1483 2521 1545 civis
2545 1487 2675 1550 Fol.
2705 1493 2827 1553 32²·

291 1576 509 1639 nobilis
541 1596 815 1652 uxorem,
863 1586 923 1642 et
962 1582 1038 1642 ab
1060 1600 1152 1671 ‘eo
1195 1579 1486 1665 *rogatus
1523 1588 1585 1643 et
1621 1581 1974 1662 correptus*
2015 1603 2135 1645 non
2169 1586 2429 1646 cessavit
2453 1584 2518 1668 3).

192 1796 258 1839 ιο
461 1781 696 1843 Eodem
755 1801 917 1844 anno
972 1802 1078 1844 rex
1131 1783 1449 1867 Ungariae
1506 1784 1828 1865 triumpho
1889 1803 2114 1868 magno
2163 1793 2224 1846 et
2267 1763 2521 1848 notabili

296 1884 525 1963 potitus
582 1891 673 1945 est
728 1884 804 1947 de
862 1885 1298 1948 Thurcorumd
1343 1887 1748 1966 imperatore,
1795 1893 1857 1948 et
1899 1889 2107 1949 multis
2155 1888 2367 1949 occisis
2413 1889 2522 1949 ob-

297 1985 478 2048 tinuit
524 1989 825 2049 fambsam
872 1988 1248 2068 Thurkyae⁹
1293 1991 1607 2052 civitatem
1655 1990 1877 2056 Mosan
1898 1989 1965 2073 ⁴).

293 2153 519 2285 Anno
564 2224 813 2287 Domini
864 2235 1025 2293 1477
1080 2227 1294 2288 civitas
1341 2226 1552 2307 Stolpe
1608 2229 1668 2288 in
1716 2227 2093 2289 Pomerania
2149 2234 2239 2288 est
2284 2229 2518 2290 incine-

290 2334 444 2401 rata,
489 2328 769 2390 similiter
814 2333 875 2389 et
921 2329 1355 2390 Heerneborch
1404 2348 1599 2410 prope
1645 2328 1863 2391 Lubek
1891 2327 1958 2412 5).
2302 2411 2305 2416 ⁴

195 2442 253 2485 15
442 2422 693 2492 'Eodem
741 2451 903 2492 anno
946 2450 1052 2492 rex
1084 2432 1359 2515 Angliae‚
1405 2429 1618 2492 videns
1665 2431 1996 2493 audaciam
2038 2437 2097 2492 et
2135 2432 2518 2512 triumphum

290 2530 636 2595 Suevorum
669 2540 883 2595 contra
917 2533 1241 2608 Karqum,
1286 2533 1423 2595 iniit
1465 2533 1684 2596 foedus
1731 2554 1872 2596 cum
1919 2535 2006 2597 eis
2042 2532 2219 2595 *sex*
2251 2534 2426 2595 annis
2450 2535 2517 2611 ⁶).

463 2739 613 2799 Item
669 2739 788 2799 hoc
839 2737 1056 2800 eodem
1113 2757 1276 2801 anno
1336 2738 1523 2801 Suevi
1570 2739 2003 2801 destruxerunt
2048 2738 2368 2818 Reymund
2415 2758 2521 2800 ca-

289 2848 480 2902 strum
527 2846 588 2902 et
624 2840 934 2902 civitatem
981 2848 1309 2923 totumque
1355 2844 1740 2915 comitatum,
1787 2863 1860 2903 eo
1896 2843 2062 2923 quod
2099 2862 2303 2903 comes
2334 2842 2520 2904 huius

291 2944 529 3022 patriae
571 2941 812 3004 *fame*
857 2943 988 3004 XII.
1035 2943 1270 3006 Suevos
1314 2945 1650 3020 interemit3
1707 2965 1976 3027 quorum
2033 2962 2293 3025 corpora
2350 2950 2520 3024 post-

191 3055 252 3097 ‘20
290 3044 543 3106 modum
604 3046 664 3105 in
726 3064 1016 3125 campum
1073 3046 1205 3107 sine
1267 3046 1499 3107 honore
1554 3046 1729 3108 duxit
1753 3046 1817 3128 ⁷).
1903 3046 1981 3107 Et
2033 3048 2094 3108 in
2150 3053 2282 3108 tota
2341 3046 2524 3108 Italia

289 3148 562 3208 maxima
608 3148 854 3208 caristia
898 3148 1042 3220 fuit,
1087 3152 1391 3221 tonitrua,
1441 3150 1695 3232 fulgura
1742 3158 1803 3209 et
1845 3149 2193 3231 grandines,
2239 3169 2311 3211 ex
2356 3156 2524 3210 certa

291 3248 390 3310 dei
437 3247 724 3317 vindicta,
774 3250 925 3329 quia
969 3250 1225 3330 quidam
1273 3270 1490 3311 eorum
1536 3251 1830 3312 iuverunt
1863 3252 2169 3312 Karolum
2210 3252 2521 3313 mittentes

291 3351 403 3412 sibi
450 3351 648 3435 mukta
702 3352 972 3431 pretiosa
1016 3350 1113 3412 *in
1162 3351 1475 3427 caballis*‚
1523 3373 1692 3434 quae
1732 3361 1939 3415 tamen
1988 3354 2263 3433 captiose
2311 3354 2519 3415 omnia

293 3450 478 3513 Suevi
523 3451 797 3513 tulerunt
820 3451 887 3534 8).

193 3564 255 3606 25
462 3553 693 3615 Eodem
758 3575 920 3616 anno
983 3576 1086 3617 rex
1143 3556 1192 3617 F
1196 3556 1444 3617 tanciae
1502 3557 1771 3618 bellabat
1828 3563 2043 3618 contra
2100 3557 2149 3617 F
2154 3555 2521 3628 landrenseS‚

292 3657 524 3718 Karolo
570 3663 843 3731 mortuo,
890 3658 1141 3737 cupiens
1184 3657 1297 3719 sibi
1338 3656 1712 3720 *subiicere*
1747 3676 1836 3731 ea,
1884 3677 2048 3739 quae
2092 3659 2260 3739 prius
2307 3658 2383 3718 de
2428 3656 2523 3719 di-

397 3878 454 3941 a)
494 3880 584 3929 Ed.
621 3896 723 3946 pn:
783 3879 1194 3948 Vedrfimynnuae
1239 3881 1334 3931 Ed.
1371 3882 1478 3932 Li.:
1538 3879 1983 3947 Vedrammymeus.
2192 3879 2251 3941 b)
2336 3881 2380 3931 d.
2417 3899 2520 3950 pr.:

495 3947 667 3998 natal’.
882 3948 935 4011 c)
990 3951 1084 4000 Ed.
1157 3965 1221 3999 r.:
1275 3949 1371 4016 §dt
1598 3949 1654 4012 d)
1712 3950 1803 3999 Ed.
1840 3950 1918 3999 Li.
1960 3966 2006 3999 u·
2044 3950 2160 4000 Fa:
2220 3949 2293 3999 Tu
2319 3968 2518 4001 varum.

496 4018 551 4073 c)
585 4017 679 4065 Ed.
717 4017 794 4067 Li.
833 4034 882 4067 u.
921 4019 1036 4067 Fa:
1100 4017 1116 4034 '
1141 4019 1331 4067 ureiae.
2289 4016 2295 4025 ’
2478 4070 2481 4073 ,

294 4169 650 4220 unverbrannt
668 4169 961 4235 geblicben.
1132 4169 1185 4233 6)
1224 4174 1270 4220 D
1285 4189 1311 4221 e
1327 4178 1347 4220 t
1362 4187 1490 4221 mar
1504 4172 1514 4191 '
1528 4189 1552 4221 s
1571 4173 1739 4221 Forts.
1762 4171 1963 4222 erzahlt
1987 4171 2097 4221 dies
2119 4171 2186 4232 (a.
2203 4187 2246 4220 a.
2261 4171 2319 4221 Ο.
2337 4171 2520 4233 8396)

295 4254 398 4286 von
430 4238 547 4287 dem
574 4238 782 4301 Konige
819 4255 922 4287 von
954 4240 1274 4290 Frankreich
1305 4240 1413 4289 und
1451 4239 1725 4290 verbindet
1756 4256 1810 4290 es
1840 4241 1934 4289 mit
1963 4240 2053 4290 der
2072 4238 2385 4302 Eroberung
2415 4256 2520 4289 von

298 4306 529 4366 Utrecht,
566 4306 672 4354 und
713 4305 831 4356 dass
867 4322 925 4356 er
957 4308 1358 4372 grosstentheils
1387 4307 1625 4357 Picardie
1662 4308 1855 4358 wieder
1890 4323 1955 4356 an
1993 4308 2076 4357 die
2113 4308 2288 4356 Krone
2324 4307 2521 4356 Frank-

296 4374 440 4426 reich
475 4371 729 4437 gebracht
768 4373 914 4430 habe,
1090 4375 1148 4442 7)
1187 4375 1303 4441 Vgl.
1328 4376 1508 4427 ebend.
1543 4376 1590 4429 S,
1611 4381 1723 4426 396.
1897 4378 1952 4437 8)
1990 4374 2307 4441 VgLebend.
2336 4375 2386 4425 S.
2407 4378 2519 4429 397.
