3158 5260
1035 582 1128 634 ΡΑ
1141 582 1235 634 as
1297 582 1348 635 V.
1415 583 1551 634 Am..
1603 581 1776 636 1463.
2386 576 2513 642 23⁷

283 779 420 842 ideo
492 782 735 861 ipsimet
789 781 1022 843 iudices
1085 792 1290 853 erant,
1374 788 1434 841 et
1496 782 1923 864 unusquisque
1985 784 2151 851 fecit,
2223 770 2389 863 quod
2452 784 2508 844 ei

284 884 513 962 placuit
540 882 601 967 ¹).

451 986 625 1047 Anno
673 986 889 1047 eodem
938 984 1061 1046 dux
1095 985 1408 1047 Saxonum
1442 985 1811 1046 Wilbelmus
1857 992 1918 1046 et
1963 986 2344 1070 lantgravius
2376 987 2510 1074 'lfu-

283 1086 516 1167 ringiae
576 1087 749 1148 duxit
805 1089 1210 1149 concubinam
1267 1105 1444 1148 suam
1492 1088 1551 1147 in
1604 1094 1883 1156 uxorem,
1941 1089 2281 1159 amimam,
2338 1087 2506 1169 quod

214 1201 241 1242 5
282 1195 425 1248 ante
472 1209 812 1270 numquam
862 1191 1151 1273 cognovit
1197 1208 1334 1249 eam
1393 1189 1746 1265 carna-litem
1796 1188 1929 1268 [sed
1980 1195 2341 1268 procurator
2387 1209 2504 1251 non

284 1288 514 1366 crediti.
588 1291 744 1351 Ante
782 1310 919 1351 eam
959 1291 1175 1352 habuit
1210 1291 1268 1351 in
1317 1310 1570 1352 uxorem
1610 1291 1996 1370 imperatoris
2035 1292 2259 1353 Alberti
2297 1293 2507 1366 filiam,

271 1391 387 1471 ‘qui
435 1399 495 1451 et
537 1393 656 1453 fuit
698 1412 804 1454 rex
849 1393 1164 1476 Ungariae
1209 1399 1269 1452 et
1319 1392 1655 1453 Bohemiae
1679 1392 1744 1475 ²).

455 1495 683 1556 Eodem
731 1514 893 1556 anno
942 1496 1083 1556 facti
1127 1502 1271 1555 sunt
1316 1494 1499 1555 amici
1545 1513 1750 1556 comes
1783 1494 2140 1556 Gherardus
2172 1502 2232 1555 et
2263 1495 2506 1557 Mauri-

235 1598 442 1669 ‘cius,
490 1600 678 1659 frater
723 1599 882 1676 ejuS‚
929 1597 1183 1658 consciis
1233 1597 1690 1665 Bremensibus,
1746 1605 1806 1657 et
1850 1597 2102 1660 tradidit
2146 1595 2504 1660 Gherardus

183 1708 242 1751 10
279 1697 586 1760 Mauricio
636 1698 1063 1761 Delmenhorst
1123 1717 1262 1760 cum
1322 1700 1450 1760 suis
1510 1700 1874 1771 attinentiis,
1942 1708 2006 1760 et
2060 1701 2187 1779 ipse
2242 1699 2504 1761 obtinuit

279 1798 683 1863 Oldenborch.
775 1802 917 1862 Jam
965 1801 1125 1862 enim
1175 1799 1334 1863 idem
1385 1801 1742 1863 Gherardus
1785 1802 1979 1863 multa
2027 1802 2229 1864 mala⁸
2273 1803 2504 1863 fecerat

279 1901 354 1962 de
399 1901 829 1965 Delmenhorst
875 1902 1271 1983 kopmannisz
1332 1910 1392 1962 et
1449 1901 1589 1964 ideo
1647 1903 1762 1964 ista
1808 1903 2137 1966 concordia
2185 1906 2349 1966 facta
2394 1910 2500 1979 est,

279 2013 346 2064 ut
390 2001 527 2065 *via
576 2005 747 2087 regia
793 2024 999 2066 coram
1055 2002 1514 2065 Delmenhorst*
1560 2007 1731 2066 fleret
1779 2007 2034 2085 pacifica
2057 2003 2160 2089 ³).ss
2528 2005 2802 2077 Fol.24⁸·

442 2109 617 2168 Anno
664 2107 900 2172 eodem.
945 2109 1140 2169 altera
1186 2106 1286 2167 die
1322 2106 1737 2188 Margaretae,
1785 2091 1934 2170 obiit
1979 2108 2101 2169 dux
2147 2107 2223 2170 de
2251 2106 2501 2170 Louen-

157 2196 235 2265 *15
275 2209 458 2270 borch
507 2209 920 2278 Bernhardus,
966 2210 1242 2289 sepultus
1288 2209 1346 2270 in
1397 2208 1737 2293 Razeburg.
1814 2210 1932 2270 Hic
1975 2210 2102 2271 suis
2152 2204 2243 2294 [in
2292 2211 2499 2271 novis-

270 2306 470 2396 simis]
517 2311 708 2375 iussit.
752 2317 814 2372 et
858 2311 1176 2373 mandavit
1208 2310 1476 2371 Jobanni
1514 2311 1637 2371 filio
1668 2330 1799 2384 suo,
1850 2320 1918 2372 ut
1961 2318 2236 2374 servaret
2280 2331 2496 2392 pacem

275 2430 414 2473 cum
461 2412 941 2484 civitatensibus,
989 2413 1198 2473 vicinis
1238 2412 1380 2484 suis
1425 2413 1578 2473 alias
1626 2432 1767 2473 eum
1814 2412 2282 2491 *devorarent*;
2329 2414 2496 2496 quod

272 2521 477 2575 tamen
538 2535 724 2595 saepe
783 2523 1196 2597 transgressus
1253 2523 1358 2584 est,
1412 2513 1515 2574 sed
1581 2512 1866 2594 *parsum
1933 2523 2021 2577 est
2078 2516 2188 2577 sibi
2250 2523 2497 2598 propter

270 2636 575 2698 pauperes
624 2615 918 2680 villanos*
943 2615 1011 2698 4).

168 2733 232 2773 20
443 2718 673 2781 Eodem
724 2739 888 2782 anuo
937 2739 1100 2800 papa
1148 2720 1313 2790 Pius,
1359 2719 1581 2780 iunctis
1628 2740 1767 2781 cum
1817 2717 2168 2806 [Philippo]
2207 2722 2496 2805 Burgun-

268 2820 519 2883 dionum
567 2822 723 2885 duce
767 2824 1140 2904 Venetisque
1189 2822 1556 2893 foederibus,
1605 2820 1907 2888 advocata
1957 2823 2298 2904 principum
2347 2844 2495 2885 con-

268 2925 458 2998 cione,
492 2927 698 2988 'l‘urco
714 2925 759 2999 ¹³,
795 2922 1049 3011 [Christi
1089 2926 1262 2998 hosti,
1306 2925 1530 2986 bellum
1565 2925 1805 3004 publice
1839 2921 2098 3011 indicit]
2161 2925 2495 3011 Misitquess
2549 2942 2597 2992 P·
2636 2933 2749 2978 ²2⁵·

269 3028 500 3111 legatos
556 3029 632 3090 ad
693 3028 964 3091 diversas
1009 3027 1222 3090 mundi
1273 3033 1475 3107 partes
1522 3046 1661 3087 cum
1710 3022 2050 3112 [plenaria]
2099 3035 2493 3109 peccatorum

269 3132 623 3193 remissione
691 3130 837 3211 *pro'
887 3129 1235 3202 .subsi‹lio*,
1299 3129 1460 3191 unde
1521 3131 1700 3191 multi
1768 3130 1979 3191 vasalli
2038 3130 2113 3191 de
2180 3130 2493 3213 *partibus

165 3252 226 3293 25
267 3233 692 3296 inferioribus*
749 3235 1026 3314 proxima
1081 3240 1322 3295 aestate
1370 3234 1583 3294 urbem
1639 3233 1980 3294 Romanam
2030 3234 2119 3312 [et
2165 3235 2242 3295 ad
2290 3237 2493 3297 Anco-

269 3332 442 3422 nam]
504 3337 940 3408 ascenderunt‚
1000 3336 1182 3397 simul
1243 3343 1303 3395 et
1364 3335 1582 3415 plebeii
1644 3355 1782 3395 cum
1847 3336 2103 3397 villanis
2198 3338 2269 3398 Et
2327 3357 2491 3419 papa

268 3440 383 3500 ista
428 3447 692 3511 aestate,
737 3440 862 3500 scil.
914 3439 1054 3500 anni
1113 3449 1297 3510 1464,
1357 3438 1464 3499 ivit
1511 3439 1822 3499 Anconam
1881 3437 2095 3499 eadem
2153 3437 2229 3499 de
2274 3457 2490 3514 causa;

264 3542 367 3601 sed
416 3542 785 3625 Burgundus
828 3562 968 3603 cum
1019 3542 1155 3603 aliis
1203 3542 1576 3621 principibus
1622 3540 1700 3600 ibi
1752 3560 1870 3601 non
1919 3547 2027 3600 est‘
2056 3541 2235 3612 visu&
2283 3541 2492 3621 ibique

267 3664 426 3724 papa
461 3646 740 3725 spiritum
776 3645 1028 3716 efflavit,
1077 3649 1161 3719 [et-
1206 3643 1370 3723 apud
1409 3643 1607 3703 Deum
1652 3663 1768 3704 non
1808 3644 1938 3703 sine
1977 3646 2179 3704 fructu
2221 3643 2487 3723 mansitl.

364 3887 416 3942 a)
455 3886 510 3934 ln
537 3884 626 3935 Ed.
654 3885 909 3943 Li.u‚.1·‘a.
929 3883 1057 3933 fehlt.
1089 3884 1236 3932 mala.
1443 3881 1499 3944 b)
1541 3882 1630 3932 Ed.
1657 3883 1732 3931 Li.
1769 3898 1818 3931 u.
1854 3882 1967 3931 Fa:
2012 3879 2216 3931 Turoae.

261 4101 578 4167 Rathschlag
600 4102 686 4152 des
711 4103 774 4152 H.
804 4102 991 4164 Bernd,
1027 4104 1123 4152 den
1155 4119 1208 4152 er
1246 4106 1334 4157 „bo
1359 4099 1411 4160 be
1445 4097 1539 4160 lad)
1579 4100 1628 4150 iu
1667 4098 1847 4164 fauente
1878 4097 2043 4152 [esteiw
2082 4104 2279 4153 seinem
2311 4099 2484 4153 Sohne

260 4169 512 4236 gegeben,
547 4171 782 4220 erwahnt
819 4170 953 4220 auch
996 4170 1316 4221 Detmar's
1353 4171 1516 4220 Forts.
1557 4186 1602 4220 a.
1641 4187 1684 4219 a.
1714 4170 1774 4220 Ο.
1813 4173 1863 4219 S.
1895 4175 2007 4219 267.
2047 4176 2126 4229 68,
2161 4171 2309 4220 nicht
2344 4169 2484 4231 aber,

259 4238 377 4288 dass
414 4237 675 4287 Letzterer
710 4238 798 4287 ihu
836 4237 1230 4303 hintaugesetzt,
1266 4237 1503 4300 sondern,
1542 4238 1662 4289 dass
1698 4254 1752 4287 er
1787 4238 1883 4287 deu
1917 4237 2225 4289 Liibeckern
2266 4236 2483 4287 Frieden

261 4321 322 4355 zu
362 4304 533 4354 hulten
573 4305 749 4370 gelobt
786 4305 917 4354 habe
