3158 5260
1021 572 1225 629 PARS
1267 573 1385 646 ιιι.
1452 570 1867 630 1311-1313,
2427 560 2547 631 125

328 775 558 848 nensis,
604 781 666 836 et
707 775 771 837 in
825 775 1214 859 collegiatam
1264 776 1583 838 ecclesiam
1637 775 1894 860 erigitur
1946 793 2085 837 cum
2136 775 2442 837 canonicis
2486 781 2548 836 et

329 877 689 960 praebendis
712 875 775 960 ¹)'.
1600 926 1605 933 .

381 1020 386 1029 .
497 980 527 1060 §
570 975 853 1066 [Quarta.
952 981 1127 1042 Anno
1160 979 1409 1041 Domini
1447 989 1605 1047 1311
1654 979 1931 1040 canonici
1972 977 2341 1040 Lubicenses
2386 978 2546 1041 obti-
2627 1029 2637 1037 .

330 1090 598 1143 nuerunt
640 1081 1005 1144 sententiam
1050 1081 1404 1143 arbitralem
1448 1081 1510 1142 in
1551 1099 1742 1142 causa
1774 1066 2057 1161 'quartae,
2103 1080 2293 1144 latam
2332 1085 2546 1144 contra

264 1199 291 1242 ⁵
330 1185 782 1265 praedicatores
828 1191 889 1246 et
930 1184 1195 1245 minores
1238 1185 1300 1245 in
1346 1184 1520 1245 curia
1563 1184 1846 1246 Romana
1868 1180 1914 1266 2)
1940 1177 2034 1266 ³).]
2306 1188 2307 1191 ’

496 1288 527 1366 §
573 1287 761 1350 Ortus
805 1294 1010 1351 rosa.a
1094 1289 1274 1348 Anno
1320 1285 1567 1347 Domini
1617 1294 1778 1353 1312
1822 1304 1928 1347 rex
1974 1284 2291 1346 Danorum
2330 1284 2546 1347 Ericus

327 1390 389 1450 in
445 1407 666 1470 campo
709 1391 980 1471 spatioso
1026 1396 1088 1452 et
1129 1389 1341 1470 plano,
1398 1388 1587 1451 Ortus
1629 1406 1911 1450 rosarum
1956 1385 2144 1459 dicto,
2188 1405 2379 1468 prope
2420 1387 2547 1449 Ro-

328 1491 466 1553 stok
512 1493 846 1554 maximam
892 1500 954 1555 et
997 1493 1261 1555 multum
1305 1491 1642 1553 solemnem
1686 1490 1885 1552 tenuit
1927 1488 2163 1550 curiam
2204 1509 2346 1551 cum
2381 1491 2547 1551 mul-

328 1593 404 1655 tis
449 1594 823 1676 principibus
871 1602 932 1657 et
974 1593 1272 1655 *dominis
1308 1591 1670 1665 terrarum*,
1714 1591 2132 1674 spiritualibus
2187 1597 2249 1653 et
2306 1592 2547 1654 secula-

232 1704 293 1748 10
328 1696 494 1758 ribus
538 1697 601 1757 in
661 1700 835 1758 tanta
887 1696 1093 1776 copia,
1154 1700 1262 1769 ut,
1313 1702 1557 1776 praeter
1601 1695 1839 1776 equites
1884 1694 2236 1779 vulgarium
2281 1693 2546 1773 populo-

329 1817 466 1860 rum
513 1805 575 1861 et
619 1798 851 1880 pedites
896 1799 1222 1879 utriusque
1270 1815 1448 1860 sexus
1493 1817 1652 1877 pene
1692 1793 2223 1870 innumerabilesb‚
2264 1795 2547 1879 galeato-

329 1920 466 1962 rum
522 1920 627 1962 sex
686 1890 879 1963 millia
934 1906 996 1963 et
1049 1900 1213 1963 DC.⁰
1268 1899 1454 1962 fuisse
1517 1901 1894 1976 referuntur·;
1951 1899 2056 1961 ubi
2109 1897 2380 1960 maxima
2428 1896 2547 1958 fuit

327 2003 683 2065 solemnitas
738 2005 800 2066 in
857 2002 1363 2075 *torneamenti8‚
1437 2000 1815 2075 hastiludiis,
1889 1999 2164 2062 choreisd
2214 2006 2275 2062 et
2325 2004 2544 2061 contu·-

328 2103 602 2179 berniis*,
645 2105 734 2167 ita
778 2105 945 2187 quod
990 2105 1205 2190 lingua
1249 2105 1524 2166 humana
1568 2104 1709 2165 *vix
1753 2103 2041 2184 explicari
2083 2101 2354 2165 sufficit*
2373 2100 2442 2186 4).

231 2313 291 2356 1⁵
497 2307 527 2387 §
570 2307 864 2371 Infantuli
909 2308 1062 2371 CCC
1104 2316 1166 2370 et
1199 2307 1451 2370 LXIIII.
1498 2304 1503 2309 ’
1544 2310 1720 2370 Anno
1756 2308 2002 2370 Domini
2038 2317 2199 2376 1313
2232 2307 2543 2369 comitissa

329 2409 702 2473 Hollandiae
746 2411 1106 2496 Margareta
1151 2411 1387 2492 peperit
1440 2411 1624 2472 simul
1680 2410 1896 2473 eodem
1952 2417 2229 2490 tempore
2274 2409 2426 2472 CCC
2482 2415 2544 2470 et

326 2511 581 2577 LXIIII.
621 2512 971 2587 infantulos,
1007 2532 1217 2575 omnes
1252 2514 1439 2587 vivos
1478 2515 1775 2594 perfectas
1810 2519 1871 2574 et
1907 2513 2177 2596 integras
2221 2511 2542 2573 hominum

329 2617 560 2701 effigies
614 2621 675 2677 et
731 2615 911 2698 plena
955 2618 1232 2679 membra
1282 2615 1601 2689 habenteS,
1660 2621 1788 2678 tam
1834 2614 2087 2698 exiguos
2128 2611 2146 2699 ss
2180 2614 2339 2677 sicut
2382 2614 2543 2695 poli·
2576 2635 2629 2686 p.
2667 2613 2793 2669 225·
2898 2604 2901 2605 ⁷

328 2738 439 2800 pos
455 2726 496 2793 ⁰,
556 2726 617 2780 et
671 2719 911 2799 [omnes
956 2719 1105 2796 vivi]
1164 2739 1272 2799 per
1323 2737 1529 2799 aquae
1582 2719 1996 2799 aspersionem
2051 2717 2338 2798 baptisati
2379 2723 2539 2779 sunt.

230 2830 293 2874 20
328 2823 408 2885 Et
450 2822 673 2884 dicitur
724 2822 844 2883 hoc
883 2820 1203 2895 accidisse,
1259 2821 1409 2902 quia
1459 2821 1637 2882 uxori
1690 2820 2013 2883 cuiusdam
2058 2820 2267 2882 militis
2311 2820 2542 2881 crimen

330 2922 618 2985 adulterii
663 2922 983 3005 imposuit,
1041 2942 1183 2984 cum
1241 2922 1394 2984 duos
1439 2923 1620 2985 enixa
1663 2927 1796 2985 erat
1839 2922 2145 3003 parvuloS,
2192 2920 2433 2983 *dicens
2476 2940 2544 2983 se

329 3027 659 3106 *reputare
702 3022 720 3109 ΙΙ
755 3031 883 3087 tam
934 3025 1219 3105 possibile
1234 3023 1267 3099 f,
1331 3025 1653 3088 mulierem
1699 3044 1877 3104 posse
1921 3044 1994 3087 ex
2036 3043 2162 3086 uno
2224 3030 2401 3105 patre
2451 3024 2531 3087 11.
2554 3026 2687 3091 Fol.
2717 3023 2842 3095 12⁶·

330 3129 595 3209 *pueros
648 3128 832 3190 simul
886 3127 1229 3208 concipere,
1287 3127 1446 3189 sicut
1496 3147 1564 3189 se
1615 3146 1794 3207 posse
1846 3126 2029 3188 simul
2087 3127 2408 3207 concipere
2450 3132 2543 3188 tot

330 3230 627 3303 *foetus*,
681 3234 837 3310 quot
887 3227 1015 3291 dies
1068 3236 1213 3292 sunt
1255 3229 1439 3293 unius
1483 3230 1660 3307 anni3
1715 3235 1778 3292 et
1817 3228 1958 3291 ideo
2001 3234 2093 3292 tot
2134 3238 2349 3310 postea
2391 3248 2540 3292 con-

224 3338 287 3384 25
324 3331 527 3412 *cepit
570 3338 632 3394 et
673 3331 854 3394 enixa
898 3331 1026 3394 est*
1050 3330 1119 3409 ⁵).
2186 3321 2193 3330 ’
2434 3353 2437 3356 “

521 3673 696 3741 Hbg.=
731 3676 798 3725 ac.
820 3672 1000 3726 0000.
1206 3674 1268 3737 d)
1305 3674 1396 3727 Ed.
1418 3692 1523 3741 pm
1558 3677 1733 3726 corcis.
1810 3645 1818 3655 '
1937 3675 1992 3732 ο)
2028 3673 2227 3725 nierzu
2255 3675 2398 3725 istiu
2419 3672 2535 3725 dem

507 3742 714 3879 2232.-
745 3743 1028 3811 Exemplar
1060 3742 1324 3794 bomerkt:
1371 3745 1423 3793 in
1462 3743 1627 3794 Germ.
1674 3752 1750 3793 est
1780 3738 2023 3794 Ωταῡῡεη.
2226 3740 2272 3804 f)
2308 3742 2403 3793 Ed.
2429 3757 2535 3808 pr.:

317 4029 486 4080 Notiz.
692 4031 749 4087 4)
784 4031 904 4096 Vgl.
932 4032 1180 4083 Corner
1215 4032 1279 4082 ad
1308 4033 1371 4083 A.
1399 4038 1523 4082 1312
1562 4030 1620 4093 (l.
1641 4048 1686 4083 c.
1706 4048 1822 4097 pag.
1844 4036 1956 4083 976.
1978 4033 2100 4090 77.).
2305 4031 2359 4095 5)
2397 4032 2532 4088 Aus-

315 4097 561 4157 fiihrlicb,
596 4097 731 4148 doch
765 4100 836 4149 im
865 4100 1232 4151 wesentlichen
1260 4100 1451 4165 gleich,
1487 4100 1594 4151 und
1623 4101 1786 4151 selbst
1807 4101 1863 4149 in
1891 4100 2161 4151 einzelnen
2182 4099 2532 4150 Ausdriicken

313 4163 807 4216 fibereinstimmend
841 4167 977 4217 auch
1010 4184 1117 4217 von
1144 4168 1409 4232 Corner,
1446 4168 1572 4219 aber
1606 4168 1671 4218 ad
1699 4168 1762 4217 A.
1787 4172 1910 4218 1300
1948 4168 2005 4228 (l.
2043 4184 2072 4218 c
2118 4184 2236 4233 pag.
2269 4172 2382 4217 955.
2422 4164 2528 4227 56.)

313 4232 810 4352 erzahlt.bweloher
853 4233 1007 4285 dabei
1053 4234 1135 4286 die
1171 4235 1368 4287 Namen
1417 4236 1506 4287 der
1551 4235 1833 4287 falschlich
1878 4234 2278 4300 beschuldigten
2314 4235 2529 4285 Ritters-

308 4303 425 4352 stau
460 4302 545 4366 gie
583 4309 619 4355 t.
