3158 5260
2369 517 2499 584 3⁷3

279 735 337 780 ut
371 729 529 795 pedes
563 728 747 791 vituli,
794 727 938 778 oculi
970 723 1251 791 terlribiles
1284 727 1464 789 valde,
1510 732 1561 777 et
1605 741 1759 778 aures
1805 726 2066 789 asininae,
2110 727 2267 793 pedes
2302 724 2504 792 ursssini,
2552 729 2755 781 F01.1⁸·

285 796 492 862 quibus·
523 797 632 847 fere
679 796 831 861 quasi
866 796 1132 845 continuis
1178 794 1456 860 gaudendo
1501 793 1735 844 motibus
1781 790 2034 856 saltabat!
2108 795 2272 847 Cuius
2308 803 2508 861 patrem
2564 797 2665 848 col.
2693 804 2737 846 2.

278 864 587 916 obstetrices
630 869 684 913 et
725 862 859 913 aliae
894 862 1145 913 mulieres
1171 869 1178 925 Ι
1205 863 1371 912 nimia
1415 878 1536 912 cum
1579 863 1844 912 anxietate
1880 861 2168 925 vocabant,
2215 865 2307 928 qui
2343 858 2494 927 cum!

277 933 494 998 propius
518 930 803 993 accederet,
837 931 941 981 boc
966 936 1197 981 monstro
1229 931 1342 980 viso
1379 936 1430 979 et
1451 925 1458 993 Ι
1483 931 1666 980 uxoris
1694 944 1818 980 suae
1854 935 2019 979 morte
2054 937 2343 996 perspecta,
2378 945 2497 981 cum

279 999 522 1050 omnibus
545 994 552 1064 Ι
577 1000 687 1050 suis
724 1000 874 1063 quasi
909 998 1138 1062 elinguis
1166 999 1410 1058 efficitur,
1445 1003 1497 1048 et
1525 997 1656 1046 alter
1678 993 1917 1061 alltemm
1951 999 2143 1049 tacitus
2170 998 2499 1064 inspiciebat.

277 1068 430 1118 Tunc
465 1067 601 1117 idem
639 1062 944 1131 monlstrum
981 1081 1110 1116 voce
1142 1063 1385 1116 horribili
1410 1074 1462 1114 et
1494 1065 1709 1115 insolita
1741 1059 2018 1129 clamavit!‚
2056 1065 2265 1117 dicens:
2301 1067 2501 1128 „Mater
2550 1116 2555 1120 ,

280 1151 396 1185 mea
432 1135 534 1184 iam
571 1140 776 1184 mortua
812 1134 1034 1184 aeternis
1069 1128 1411 1197 ci·ucia}tibus
1447 1134 1546 1182 erit
1579 1131 1837 1196 lanianda,
1876 1132 1999 1196 quia
2027 1148 2130 1182 non
2160 1132 2397 1194 credidit,
2433 1132 2497 1182 ad

277 1197 518 1268 sallutem
555 1201 824 1252 hominum
872 1208 923 1251 et
968 1200 1188 1265 gloriam
1235 1200 1542 1265 angelorum
1567 1199 1611 1259 ¹)
1659 1200 1873 1260 «lesum,
1920 1199 2088 1250 filium
2134 1196 2295 1265 Deil,
2339 1201 2497 1265 fragi-

278 1270 443 1320 litatis
497 1270 783 1330 humanae,
828 1267 893 1318 de
929 1269 1134 1331 virgine
1169 1268 1364 1330 Maria,
1409 1263 1642 1333 semper}
1675 1267 1976 1332 impolluta,
2028 1269 2142 1318 sine
2194 1270 2497 1334 cognitione

275 1338 414 1388 thori
447 1337 619 1388 virilis
652 1344 889 1387 naturam
925 1343 977 1387 et
998 1332 1006 1401 Ι
1028 1336 1306 1387 formulam
1340 1336 1708 1401 assumpsisse,
1745 1350 1899 1399 quem
1936 1338 2106 1386 tamen
2144 1331 2494 1403 virginitatis!

275 1405 475 1469 lilium,
521 1405 659 1456 sicut
702 1404 846 1455 sidus
882 1405 995 1455 sine
1031 1405 1114 1454 sui
1150 1404 1484 1469 corruptione
1521 1402 1753 1465 radium,
1791 1398 1881 1468 ἱιιΙ
1916 1403 2057 1453 hunc
2094 1405 2344 1454 mundum
2382 1419 2498 1469 pro·

276 1473 426 1534 tulit3
462 1478 515 1522 et
549 1473 640 1537 qui
677 1472 812 1522 hanc
850 1472 1004 1522 fidem
1042 1467 1341 1536 nelgaverit,
1380 1478 1589 1520 aeterno
1624 1471 1905 1521 adiicietur
1936 1468 2117 1536 rog0.“
2187 1472 2287 1522 His
2323 1468 2496 1535 diojtis

275 1547 564 1591 monstrum
601 1540 904 1590 huiusmodi
939 1540 995 1588 in
1030 1539 1217 1590 faciem
1254 1554 1400 1589 suam
1437 1538 1632 1589 cecidit
1667 1533 1747 1601 etl
1774 1540 2050 1604 expiravit.
2109 1540 2260 1589 Tunc
2297 1538 2495 1589 Baruth

276 1608 409 1670 dux,
454 1615 561 1658 tam
596 1608 774 1658 uxoris
807 1605 1060 1672 {mortem
1096 1622 1251 1672 quam
1287 1608 1504 1656 monstri
1541 1605 1923 1656 deformitatem
1956 1602 2279 1671 delplorans,
2319 1608 2496 1673 coepit

275 1691 581 1741 exasperare
608 1677 661 1724 in
691 1671 1037 1740 christianos‚}
1066 1676 1217 1740 quasi
1243 1676 1297 1723 in
1325 1674 1624 1723 huiusmodi
1656 1674 1799 1736 facti,
1829 1675 2035 1738 magica
2063 1679 2187 1736 arte,
2222 1670 2494 1739 auctores!

275 1744 549 1809 Praecepit
595 1743 841 1794 omnibus
886 1742 1238 1807 complicibus
1273 1741 1412 1805 suis,
1455 1747 1536 1804 ut,
1589 1756 1948 1805 quoscumque
1982 1737 1989 1806 Ι
2022 1741 2074 1790 in
2111 1758 2206 1792 suo
2254 1742 2497 1793 districtu

275 1811 471 1861 Christi
507 1812 834 1861 confessores
863 1804 1199 1874 invernirent,!
1221 1808 1395 1860 subito
1432 1810 1544 1859 sinc
1570 1809 1837 1858 auditione
1865 1815 2126 1869 necarent,
2164 1825 2263 1859 nec
2290 1806 2494 1876 aliquo!

275 1877 432 1928 modo
470 1878 747 1943 decrepitis
773 1886 826 1928 et
859 1877 1149 1928 infantibus
1184 1879 1237 1927 in
1275 1872 1572 1940 cunabullis
1607 1878 2000 1937 misererentur,
2038 1882 2099 1926 ut
2133 1877 2211 1927 sic
2244 1877 2300 1926 in
2336 1879 2498 1929 totius

275 1945 473 1995 Albeae
510 1947 810 1996 convicinio
857 1946 1253 1997 christianitatis
1287 1943 1492 1993 nullum
1525 1944 1810 2008 vestigium
1847 1939 2165 2010 remafneret.
2224 1945 2496 2010 Nephandi

275 2015 444 2078 igitur
462 2014 704 2075 ministri,
722 2013 852 2065 haec
879 2007 1179 2078 diligenter}
1200 2017 1535 2076 exequentes,
1557 2011 1810 2062 ecclesias
1830 2027 2039 2077 quoque
2065 2011 2494 2080 combusserunt,}

274 2080 436 2131 libros
483 2096 659 2132 sacrae
709 2081 843 2146 legis
888 2081 1256 2140 incenderunt,
1303 2079 1515 2145 praedia
1561 2074 1935 2143 ecclesiasltica
1980 2078 2081 2131 sibi
2119 2080 2496 2133 contumeliose

273 2155 658 2214 usurpaverunt
714 2155 765 2199 et
819 2149 1012 2198 multos
1055 2144 1062 2213 Ι
1104 2150 1261 2198 etiam
1334 2146 1647 2197 christianos
1705 2149 1759 2196 in
1818 2147 2036 2197 vincula
2105 2156 2496 2212 congesserunt.

277 2218 451 2267 Unum
475 2211 482 2280 Ι
505 2217 752 2282 contigit,
797 2223 856 2266 ut
890 2232 982 2266 sex
1016 2214 1400 2267 honestissimis
1435 2213 1756 2280 presbyteris
1786 2211 1794 2278 Ι
1825 2216 1902 2265 eis
1937 2216 2131 2281 optime
2168 2216 2337 2277 notis,
2382 2231 2496 2269 cac-

276 2279 418 2334 sarie⁴
449 2291 711 2345 truncata,
759 2291 930 2334 cutem
965 2279 973 2347 Ι
1006 2284 1193 2348 capitis
1237 2299 1330 2348 per
1363 2283 1574 2332 modum
1613 2283 1785 2332 crucis
1820 2282 2117 2347 duplicatae
2153 2298 2184 2332 a
2216 2277 2404 2347 fronite
2441 2286 2496 2336 in

275 2351 489 2416 occiput
532 2357 584 2401 et
625 2350 692 2400 ab
728 2366 853 2401 aure
897 2351 952 2400 in
987 2366 1166 2401 aurem
1212 2345 1614 2413 abstralherent5
1659 2348 1852 2414 quibus
1888 2351 2061 2401 triduo
2107 2351 2185 2402 sic
2221 2350 2409 2414 illusis,
2444 2360 2497 2404 et

275 2419 448 2469 denuo
483 2423 616 2469 testa
640 2416 647 2482 Ι
672 2419 861 2484 capitis
899 2418 1105 2480 obtrita,
1139 2418 1426 2468 novissime
1453 2418 1682 2467 Domino
1710 2419 1952 2482 spiritum
1984 2413 2340 2483 traldiderunt,
2373 2434 2495 2470 cum

275 2486 455 2536 multis
502 2486 622 2537 aliis
673 2485 1018 2536 diversimode
1070 2480 1455 2552 martyr-maltis,
1518 2484 1714 2549 quibus
1772 2484 2043 2536 cerebrum
2103 2485 2167 2536 de
2229 2487 2494 2551 capitibus

273 2554 429 2605 certis
449 2551 495 2612 2)
519 2549 881 2618 foramilnibus
909 2570 1001 2619 per
1027 2553 1237 2604 modum
1273 2554 1447 2605 crucis
1486 2552 1805 2616 elicuerunt,
1843 2552 2095 2617 quosdam
2133 2554 2288 2604 etiam
2310 2549 2318 2619 Ι
2342 2556 2493 2619 equis

273 2621 541 2673 indomitis
577 2621 911 2689 colligarunt.
991 2621 1059 2672 Et
1097 2621 1227 2672 haec
1257 2616 1266 2686 Ι
1307 2621 1455 2686 quasi
1493 2638 1586 2687 per
1620 2621 1798 2672 omnia
1832 2621 1883 2671 in
1922 2621 2164 2673 omnibus
2200 2621 2408 2689 oppidis
2443 2625 2543 2674 et·

272 2692 457 2741 castris
495 2686 819 2755 Sclaluorum
858 2690 1103 2756 nepharie
1140 2689 1627 2750 committebantur3
1675 2704 1898 2755 quorum
1943 2705 2162 2756 corpora
2203 2689 2307 2741 iam
2337 2685 2345 2755 Ι
2383 2707 2495 2757 per-

271 2759 494 2808 maxime
528 2759 582 2807 in
620 2765 806 2824 crypta
840 2757 1255 2822 Hamburgensi,
1301 2763 1483 2822 postea
1511 2752 1531 2820 ΙΙ
1564 2755 1809 2820 collecta,
1859 2764 1983 2808 sunt
2029 2757 2250 2823 sepulta.
2333 2760 2486 2810 Tunc
2522 2759 2636 2810 Fol.
2666 2756 2748 2809 Ib-

268 2825 372 2876 heu
410 2825 577 2884 multi,
613 2823 786 2889 metui
826 2826 1008 2875 mortis
1052 2824 1153 2875 fide
1187 2826 1397 2885 relicta,
1434 2824 1639 2889 gentili·
1659 2825 1788 2889 iugo
1825 2824 2030 2875 subacti
2066 2820 2234 2889 sunt31
2276 2827 2487 2890 quidam
2541 2827 2642 2878 col.
2684 2834 2726 2877 l.

267 2909 391 2943 vero
443 2894 616 2944 noctis
666 2898 897 2958 tempore
947 2894 1209 2957 fugientes
1254 2890 1501 2955 exulare!
1548 2892 1870 2954 maluerunt,
1923 2908 2079 2958 quam
2140 2894 2218 2943 sic
2273 2895 2493 2960 turpiter

265 2961 459 3010 necari.
530 2961 609 3010 De
646 2959 869 3025 quibus}
906 2961 1141 3024 quidam,
1179 2959 1357 3010 urbem
1393 2960 1678 3009 Romanam
1715 2966 1974 3024 petentes,
2020 2960 2149 3011 haec
2183 2958 2488 3027 nephanda!

269 3027 592 3093 singultibus
627 3034 678 3078 et
713 3028 945 3078 lacrimis
983 3043 1147 3094 papae
1183 3027 1465 3077 Benedicto
1503 3021 1697 3092 tertio,l
1738 3028 1791 3076 in
1828 3042 2044 3078 numero
2081 3029 2487 3093 apostolicorum

273 3100 411 3160 107„
458 3097 550 3160 qui
595 3097 772 3161 coepit
817 3111 953 3145 anno
991 3096 1205 3145 Domini
1243 3090 1397 3160 855.,Ι
1436 3101 1765 3159 aperuerunt,
1815 3097 2070 3146 instanter
2103 3096 2398 3161 pulsanteS,
2431 3104 2491 3147 ut

265 3163 397 3213 haec
433 3158 683 3227 enon-{mia
726 3165 814 3228 pio
852 3179 1026 3213 amore
1065 3163 1297 3213 hauriret
1331 3170 1382 3213 et
1417 3160 1609 3213 ovibus
1644 3162 1840 3213 Christi
1883 3159 2131 3227 nolvellis
2166 3163 2485 3216 subveniret.

267 3230 474 3292 Quibus
503 3231 711 3293 auditis,
738 3231 932 3281 sauciis
955 3225 962 3295 Ι
983 3230 1290 3281 vulneribus
1327 3245 1462 3296 papa
1495 3231 1778 3280 transfixus
1815 3236 1908 3294 est,
1942 3239 1995 3280 et
2023 3232 2198 3282 statim
2227 3230 2485 3297 scribens}

264 3297 549 3348 Ludowico
596 3299 853 3358 secundo,
900 3298 1199 3361 imperatori
1245 3305 1429 3363 quarto
1478 3315 1509 3348 a
1555 3298 1752 3348 Karolo
1787 3294 1795 3363 Ι
1827 3313 2046 3363 magnO,
2095 3313 2188 3364 pro
2236 3299 2488 3363 subsidi0,

265 3364 498 3415 obtinuit
532 3364 701 3430 quod!
735 3367 899 3431 petiit.
964 3366 1096 3417 Nam
1133 3365 1272 3416 idem
1306 3365 1638 3427 Lodowicus,
1674 3366 1816 3417 filius
1850 3366 2091 3416 Lotharii
2127 3362 2489 3432 imperaltoris,

261 3434 462 3483 nuntiis
496 3439 549 3483 et
584 3433 776 3499 sigillis
811 3432 877 3483 ad
911 3433 1147 3484 diversos
1185 3434 1469 3499 principes,
1499 3431 1505 3496 Ι
1538 3433 1726 3494 duces,
1771 3435 1991 3483 comites
2029 3440 2080 3484 et
2116 3433 2337 3485 barones
2372 3451 2487 3486 suc·

257 3501 435 3550 cincte
469 3496 675 3563 mislsis,
713 3502 1059 3565 congregavit
1090 3501 1379 3552 exercitum
1414 3502 1706 3567 copiosum,
1747 3516 1870 3551 cum
1906 3516 2011 3565 quo
2050 3501 2113 3551 ad
2149 3517 2336 3566 papam
2371 3504 2486 3553 ivit.

264 3567 380 3629 Quo
401 3569 534 3630 viso,
569 3584 705 3634 papa
740 3569 791 3617 in
828 3569 1072 3619 lacrimas
1107 3563 1375 3633 prorupit,l
1413 3568 1718 3633 glorificans
1741 3569 2028 3619 Dominum
2055 3570 2487 3634 omnipotentem,

262 3636 353 3699 qui
392 3651 516 3685 suos
560 3636 814 3685 divinitus
868 3636 1142 3697 instruxit,
1179 3641 1237 3686 ut
1275 3651 1482 3701 operam
1522 3636 1704 3685 darent
1743 3652 1835 3700 pro
1880 3635 2007 3698 fide,
2043 3644 2094 3686 et
2128 3633 2354 3700 multum
2391 3654 2484 3704 pro

261 3703 416 3752 domo
462 3703 624 3754 Israel
677 3705 961 3768 erigerent;
1009 3712 1062 3753 et
1108 3719 1288 3753 omnes
1331 3698 1665 3767 reverenter}
1706 3705 1953 3769 suscepit.
2032 3704 2283 3754 Proxima
2328 3712 2485 3756 nocte

260 3769 477 3835 angelus
511 3771 725 3820 Domini
765 3773 1018 3820 exercitui
1043 3767 1332 3837 lapparuit,
1371 3770 1579 3821 dicens:
1616 3770 2046 3833 „Confortamini,
2082 3771 2248 3822 nolite
2286 3774 2484 3834 timere,

262 3839 362 3900 ite}
395 3844 723 3899 constantem
770 3855 868 3902 ego
904 3839 1096 3889 missus
1131 3838 1285 3889 vobis
1320 3855 1435 3889 sum
1471 3854 1501 3887 a
1535 3839 1651 3888 Deo
1690 3840 1745 3887 in
1781 3834 2054 3903 stabilem!
2087 3839 2487 3904 protectorem.“

259 3906 450 3955 Postea
485 3921 621 3970 papa
654 3907 842 3967 voluit,
880 3913 938 3955 ut
972 3907 1254 3971 imperator
1283 3901 1291 3971 Ι
1324 3907 1388 3956 ad
1424 3907 1638 3972 propria
1672 3922 1765 3971 pro
1800 3906 1901 3956 fide
1937 3905 2134 3957 ibidem
2169 3907 2486 3959 defensanda

258 3968 538 4036 remearet!
623 3974 741 4038 Ipse
787 3990 912 4023 vero
959 3989 1095 4039 papa
1141 3989 1259 4024 cum
1307 3974 1585 4025 benedicto
1623 3975 1725 4025 isto
1762 3975 1998 4025 exercitu
2035 3990 2128 4040 per
2160 3974 2479 4041 temporum!

258 4040 538 4089 intervalla
572 4040 634 4090 ad
671 4041 905 4092 confines
941 4040 1137 4092 Albeae
1174 4045 1335 4103 venit,
1370 4042 1464 4092 ubi
1499 4058 1593 4107 per
1627 4038 1635 4107 Ι
1667 4041 1984 4107 quindenam
2029 4043 2258 4106 quievit,
2306 4044 2485 4109 explo-

257 4122 377 4157 rans
424 4107 648 4173 singula,
681 4103 689 4172 Ι
723 4114 773 4158 et
820 4114 879 4158 ut
920 4111 1182 4159 exercitus
1229 4110 1639 4172 coadunaretur;
1700 4109 1888 4161 habuit
1946 4111 2086 4160 enim
2145 4105 2338 4175 selcum
2383 4111 2485 4162 VII

358 4354 399 4404 1)
429 4353 565 4396 Cod.:
600 4359 839 4411 anqlorum.
1007 4358 1051 4414 2>
1087 4359 1222 4401 Cod.:
1256 4361 1356 4403 c'tis.
