3158 5260
1010 562 1213 615 PARS
1270 564 1327 617 V.
1393 563 1531 616 Αηη.
1574 562 1650 617 14
1661 563 1756 617 6-1.
2363 559 2490 624 245

269 757 538 843 11151011),
607 759 837 821 Eodem
876 760 1040 821 'anno
1079 761 1367 823 reductus
1400 769 1490 822 est
1521 764 2016 843 archiepiscopus
2043 766 2394 844 Upsalensis
2427 767 2487 826 in

269 860 569 932 Sueciam,
618 880 801 941 quem
842 863 1156 942 captivum
1191 863 1534 924 abduxerat
1579 884 1683 925 rex
1716 865 2083 927 Cristiernus
2114 867 2173 926 in
2209 866 2487 947 Daciam,

267 963 397 1024 sine
443 983 655 1036 causa,
717 970 786 1025 ut
829 964 1174 1038 dicebatur,
1222 966 1375 1045 quia
1420 966 1633 1027 dilexit
1678 987 1915 1051 regem,
1963 967 2091 1043 [sed
2136 987 2487 1030 susurrores

269 1073 439 1139 tunc,
499 1067 658 1146 sicut
703 1085 891 1138 nune,
938 1069 1325 1144 floruerunt].
1415 1068 1494 1128 Et
1549 1067 1729 1130 Sueci
1786 1076 2235 1130 revocaverunt
2280 1090 2488 1150 regem

268 1168 569 1229 K-arolum
610 1168 685 1229 de
719 1167 1027 1242 Dant-ism,
1075 1174 1347 1249 petentes
1389 1170 1633 1230 veniam
1680 1171 1757 1230 ab
1796 1191 1887 1243 eo,
1934 1191 2007 1231 eo
2043 1171 2209 1251 quod
2244 1173 2488 1233 abiece-

175 1281 190 1295 ·
268 1274 408 1329 rant
451 1288 612 1330 eum.
704 1269 826 1342 Qui
882 1290 1160 1332 reversus
1219 1270 1401 1332 fidem
1449 1291 1567 1331 non
1626 1271 1884 1343 invenit,
1943 1271 2082 1332 ideo
2140 1268 2379 1354 r‘equiei
2423 1294 2488 1333 so

171 1801 233 1844 lo

174 2308 233 2351 15

170 2816 236 2859 20

269 1370 436 1430 dedit
489 1377 550 1431 et
604 1371 679 1432 de
724 1391 914 1454 regno
960 1373 1225 1452 amplius
1269 1393 1334 1433 se
1380 1393 1500 1433 non
1547 1373 1901 1446 intromisit,
1961 1374 2111 1458 quia
2166 1376 2487 1455 episcopus

269 1472 620 1551 Upsaien’sis
667 1471 840 1553 ssplus
887 1473 1028 1535 fecit
1074 1493 1176 1535 eos
1221 1474 1561 1536 adhaerere
1608 1474 1976 1545 Cristierno*
2002 1472 2066 1556 2)

439 1677 615 1737 Anno
664 1677 897 1749 eodem,
944 1684 1081 1758 post
1126 1684 1376 1741 octavas
1423 1678 1718 1749 Paschae,
1765 1679 2086 1757 episcopus
2130 1678 2488 1739 Lubicensis

273 1777 578 1838 Arnoldus
613 1784 673 1837 et
706 1780 1058 1840 consulatus
1093 1779 1318 1841 ibidem
1354 1799 1494 1841 cum
1531 1780 1709 1841 certis
1755 1779 1830 1839 de
1871 1780 2140 1859 capitulo
2163 1771 2492 1841 Lubicensi

272 1879 517 1940 iverunt
550 1880 911 1941 Dantiscum
949 1882 1217 1963 navigiO,
1265 1883 1541 1962 expensis
1577 1882 1803 1953 multis,
1850 1901 1959 1960 pro
1995 1899 2145 1960 pace
2189 1880 2507 1941 firmanda‘·

273 1980 429 2042 inter
475 1980 790 2043 dominum
819 2001 1047 2066 ,regem
1084 1982 1383 2043 Poloniae
1429 1988 1489 2043 et
1536 1982 1813 2042 ordinem
1860 1990 1921 2042 et
1956 1982 2234 2042 civitates
2268 1982 2493 2043 Prute-

273 2100 408 2154 naS,
456 2088 517 2143 ot
565 2103 761 2164 usque
805 2084 1255 2164 Assumptionis
1302 2090 1673 2155 tractarunt,
1737 2083 1841 2144 sed
1891 2083 2037 2143 nihil
2085 2086 2492 2162 profecerunt,

273 2186 423 2263 quia
467 2184 550 2246 illi
600 2185 675 2246 de
720 2185 1011 2247 Dantisco
1057 2205 1263 2269 regem
1311 2187 1748 2257 informabant,
1807 2184 1975 2265 quod
2034 2185 2203 2244 missi
2260 2204 2298 2245 a
2344 2205 2491 2245 con-

270 2287 476 2347 sulatu
531 2287 854 2349 Lubicensi
899 2290 1178 2348 soverent
1224 2287 1498 2348 ordinem
1546 2287 1682 2366 plus
1729 2306 1919 2367 quam
1964 2285 2294 2361 iustitiam3
2351 2287 2489 2347 ideo

273 2390 390 2448 non
439 2389 714 2467 permisit
758 2408 860 2449 eos
909 2389 968 2449 in
1015 2407 1191 2449 suam
1237 2389 1446 2450 venire
1500 2389 1930 2468 praesentiam.
2014 2387 2240 2448 Postea
2284 2393 2490 2448 tamen

271 2489 419 2551 “³²sub
466 2475 1000 2552 eisdem'articulis
1030 2498 1177 2552 tunc
1214 2491 1478 2551 exaratis
1510 2489 1862 2552 concordati
1900 2487 2101 2549 sunt*
2169 2488 2491 2566 [Civitates

271 2591 622 2654 maritimae
647 2592 942 2666 Slavicae,
974 2611 1138 2674 quae
1173 2591 1524 2654 huiusmodi
1550 2592 1820 2666 diaetam
1846 2592 2286 2661 instruxerunt,
2312 2609 2492 2669 prae-

273 2694 410 2755 latis
457 2696 747 2775 praefatis
792 2696 1127 2782 advocatia
1176 2697 1576 2756 morabantur
1623 2695 1681 2755 in
1722 2694 1973 2755 Thorne
2020 2693 2198 2773 quasi
2244 2693 2303 2752 in
2352 2711 2492 2752 um-

275 2796 481 2868 bilico,
525 2796 630 2857 sed
678 2797 737 2857 in
786 2816 1025 2858 cassum
1076 2797 1463 2877 laborabant]
1489 2796 1557 2880 3).
1647 2795 1880 2856 Eodem
1927 2814 2088 2855 anno
2137 2799 2195 2854 et
2240 2813 2492 2873 praece-

274 2898 440 2959 denti
486 2898 843 2961 immediate
887 2906 1020 2960 erat
1062 2900 1268 2982 gravis
1314 2899 1658 2991 pestilentia
1693 2899 1754 2957 in
1789 2896 2021 2968 Lubek,
2068 2915 2141 2957 ac
2185 2896 2246 2956 in
2293 2894 2492 2956 omni·
2581 2969 2583 2972 .
2635 2943 2639 2950 .

272 3000 383 3060 bus
422 3001 641 3061 finibus
680 3001 1077 3062 Alamaniae¹³¹
1109 3007 1169 3061 et
1200 3001 1263 3061 in
1301 3000 1511 3071 Dacia,
1544 2997 1784 3068 Suecia,
1822 2998 2090 3058 Liuonia
2124 3005 2184 3057 et
2219 2997 2489 3057 Prutzia.

213 3145 223 3154 ·
272 3100 600 3189 Descendit
644 3103 806 3164 enim
854 3103 929 3164 de
973 3104 1145 3164 Reno
1192 3120 1352 3164 anno
1399 3101 1640 3172 LXIII,
1688 3096 1831 3188 [nec
1875 3100 2103 3179 recepit
2146 3100 2262 3159 ista
2309 3098 2493 3178 pestis

172 3322 234 3365 25

273 3222 487 3264 curam
552 3205 920 3277 medicinae,
980 3204 1084 3265 sed
1152 3205 1399 3284 saepius
1455 3188 1776 3265 contrariis
1835 3202 2058 3262 infirmi
2116 3202 2492 3262 curabantur

271 3306 435 3367 ultra
477 3302 697 3392 spem,]
744 3313 803 3367 et
847 3306 1096 3367 duravit
1139 3306 1202 3366 in
1247 3305 1501 3367 Lubeke
1551 3324 1746 3384 usque
1794 3309 1929 3383 post
1973 3302 2224 3363 Martini
2252 3300 2342 3382 4)st

372 3458 426 3519 a)
467 3460 559 3509 Ed.
588 3460 665 3508 Li.
699 3477 747 3509 u.
777 3461 893 3509 Fa:
932 3459 1244 3509 Alemcuiz'ae.

271 3661 353 3722 (S.
392 3663 695 3725 286-290).
734 3688 797 3697 —
844 3666 951 3714 Der
987 3662 1329 3712 Theilnahme
1367 3662 1457 3711 des
1493 3660 1669 3710 Bisch.
1708 3660 1905 3709 Arnold
1942 3673 2006 3707 an
2045 3658 2135 3706 der
2170 3657 2318 3706 Reise
2354 3656 2490 3705 nach

274 3732 531 3781 Preussen
566 3731 796 3795 gedenkt
825 3731 959 3781 auch
992 3733 1123 3784 Kru
1138 3728 1537 3793 mmendyk's
1584 3728 1775 3778 Chron.
1808 3726 1990 3786 Lubic,
2028 3725 2089 3782 (l.
2125 3740 2169 3773 c.
2202 3740 2317 3787 pag.
2349 3722 2491 3782 402),

269 3798 459 3860 jedoch
497 3799 715 3847 zumeist
750 3814 848 3847 nur
882 3798 1070 3858 dahin,
1100 3798 1218 3847 dass
1254 3797 1335 3845 die
1365 3795 1750 3856 ¹Beschwerden
1790 3794 1880 3843 der
1917 3792 2152 3843 Seefahrt
2187 3791 2282 3840 den
2323 3795 2489 3840 ersten

277 3862 564 3915 Aniass'zu
600 3866 783 3914 des-sen
831 3865 951 3914 bald
985 3865 1175 3914 darauf
1204 3865 1585 3928 eingetretener
1621 3861 1915 3911 Krankheit
1959 3858 2066 3908 und
2104 3859 2218 3907 'sod
2255 3856 2489 3920 gegeben

275 3933 470 3982 hatten.
525 3934 642 3983 Den
672 3933 957 3996 Zoitpunkt
984 3932 1073 3982 des
1110 3931 1355 3980 letzteren
1395 3930 1540 3993 giebt
1565 3926 2055 3991 Krummendyk
2093 3925 2293 3975 {ibex-all
2327 3924 2491 3983 nicht,

276 3999 495 4049 sondern
533 4016 633 4048 nur
660 4000 741 4048 die
771 4000 947 4048 Dauer
971 4000 1140 4049 seiner
1166 3998 1364 4048 Sedenz
1393 3998 1486 4046 auf
1508 4002 1565 4044 16
1591 3996 1752 4046 Jahre
1783 4011 1863 4056 an,
1886 3994 2165 4058 gerechnet
2190 4010 2236 4040 v.
2261 3993 2313 4042 J.
2340 3998 2491 4050 14493

274 4066 410 4115 uach
447 4067 563 4116 dem
583 4066 698 4115 Lib.
723 4068 1009 4116 momoriar.
1032 4065 1172 4116 starb
1209 4081 1263 4113 er
1282 4080 1364 4113 am
1392 4068 1473 4113 31.
1490 4064 1611 4113 Jan.
1636 4064 1726 4118 (ΙΙ.
1750 4062 1866 4111 Kal.
1893 4061 2072 4117 Febr.)
2107 4066 2246 4121 1466,
2282 4060 2494 4121 Freitag

276 4149 369 4181 vor
388 4134 764 4183 Lichtmessen.
970 4133 1029 4186 4)
1065 4132 1183 4197 vgl.
1204 4131 1526 4180 Detmar's
1553 4131 1717 4179 Forts.
1744 4146 1784 4177 z.
1807 4131 2004 4180 J.1464
2030 4125 2096 4189 (a⁴
2121 4143 2165 4175 a.
2189 4127 2251 4177 Ο.
2275 4128 2324 4175 S.
2349 4125 2493 4185 278),

275 4216 355 4249 wo
392 4201 504 4250 sich
541 4200 676 4249 auch
714 4202 829 4249 eine
866 4200 1111 4249 {thuliche
1138 4200 1501 4262 Aemserung,
1539 4198 1638 4246 wie
1675 4198 1729 4244 ἰιι
1767 4197 1880 4245 dem
1916 4195 2107 4259 obigen
2142 4195 2360 4243 Zusatze
2400 4192 2493 4241 des

278 4266 390 4316 Lat.
422 4269 630 4328 Tenes,
666 4268 841 4328 findet,
878 4267 1125 4331 iibrigens
1162 4266 1251 4315 der
1275 4267 1501 4325 Termin,
1538 4266 1622 4314 bis
1648 4280 1796 4312 wann
1834 4264 1917 4311 die
1941 4262 2144 4312 Seuche
2181 4263 2234 4309 in
2269 4259 2489 4308 Liibcck

275 4335 593 4397 geherrscht,
629 4336 829 4399 audere,
864 4334 1091 4384 nemlich
1132 4333 1310 4394 „metite
1347 4329 1559 4381 omnium
1600 4328 1919 4393 functotunv‘,
1955 4327 2260 4393 angegeben
2298 4329 2379 4380 ist.

2516 3311 2643 3371 Fol.
2674 3317 2796 3376 25⁸·

2627 3393 2748 3444 248.
