3158 5260
954 588 1152 640 PARS
1198 589 1310 640 JJJ.
1379 588 1514 640 Arm.
1563 582 1731 639 1431.
1868 592 1875 597 ’
2027 588 2041 600 ·
2336 572 2452 639 179

227 787 548 868 episcopus
585 787 1136 872 Magdeburgensis
1181 792 1240 846 et
1285 786 1388 846 alii
1438 786 1621 867 legati
1670 786 1729 846 in
1771 786 1870 845 via
1918 792 2093 845 erant
2138 784 2449 844 constituti

225 889 288 949 in
336 889 708 972 legationem
765 888 997 950 domini
1044 887 1419 971 Sigismundi
1467 888 1628 968 regis
1678 888 2102 947 Romanorum
2149 886 2226 946 ad
2275 906 2454 946 coro—

228 989 500 1051 nandum
548 991 775 1070 ipsum,
823 1010 932 1070 pro
991 1009 1118 1070 qua
1174 987 1593 1073 coro}}1iatione
1641 989 2036 1068 promiserat,
2093 1008 2158 1049 se
2207 995 2453 1048 centum
2501 1007 2547 1055 p.
2589 995 2701 1038 215·

228 1093 421 1154 millia
467 1093 823 1154 lancearum
873 1093 1135 1172 propriis
1182 1092 1456 1171 expensis
1492 1092 1823 1152 missurum
1866 1101 2079 1153 contra
2118 1092 2455 1152 haereticos

126 1208 154 1250 5
226 1189 582 1279 [Bobemos]
608 1195 671 1276 ¹).

395 1297 810 1380 §Eugenius
921 1297 1098 1356 Anno
1159 1295 1405 1355 Domini
1472 1304 1628 1360 1431
1701 1294 2010 1355 Martinus
2071 1312 2231 1374 papa
2294 1293 2456 1353 diem

229 1417 412 1458 suum
476 1398 699 1459 clausit
757 1404 1131 1466 extremum,
1200 1395 1299 1457 die
1359 1395 1578 1456 ultima
1640 1391 1912 1480 [mensis]
1978 1397 2327 1467 Februarii,
2395 1397 2454 1456 in

233 1501 407 1578 cujus
453 1499 658 1560 sedem
696 1501 924 1560 electus
960 1504 1050 1559 est
1081 1498 1399 1580 Eugenius
1437 1498 1593 1569 IIII,
1643 1498 1750 1578 qui
1791 1505 1935 1559 ante
1971 1499 2219 1560 Gabriel
2259 1497 2456 1558 dictus

233 1611 339 1672 est,
385 1601 711 1662 cardinalis
758 1601 1047 1663 Cenensis
1064 1609 1104 1672 ³,
1150 1600 1289 1660 IIII.
1339 1600 1437 1660 die
1482 1602 1707 1660 mensis
1752 1601 1963 1662 Martii
1990 1600 2054 1683 2).

135 1715 193 1758 10
398 1704 428 1781 §
474 1703 857 1784 Swartekop.
961 1705 1133 1764 Anno
1183 1703 1398 1763 eodem
1448 1703 1757 1763 Martinus
1803 1701 2190 1783 Swartekop,
2245 1702 2457 1763 consul

232 1805 737 1890 HamburgensiS,
775 1808 1131 1868 interfectus
1174 1813 1264 1867 est
1309 1807 1368 1867 in
1409 1805 1750 1865 Ditmarcia
1787 1800 1850 1890 [a
1897 1801 2262 1889 Ditmarcis],
2309 1806 2457 1866 mis-

230 1926 333 1967 sus
379 1925 416 1967 a
461 1907 711 1968 civitate
756 1925 871 1967 sua
915 1907 975 1967 in
1022 1906 1365 1968 subsidium
1414 1908 1665 1967 navium
1711 1925 1964 1967 suarum
1991 1906 2056 1990 3).

399 2110 747 2189 §Hussite
856 2110 1033 2172 Anno
1103 2109 1319 2171 eodem
1388 2109 1512 2171 dux
1576 2111 1889 2183 Austriae,
1943 2130 2084 2171 cum
2144 2111 2455 2172 adiutorio

233 2214 631 2298 Ungarorum
699 2213 924 2274 bellum
994 2231 1183 2296 agens
1251 2232 1390 2272 cum
1448 2213 1716 2273 Hussitis
1776 2204 2086 2285 Bohemis,
2152 2215 2461 2275 interemit

131 2326 193 2370 1⁵
239 2317 300 2377 in
347 2316 576 2396 duplici
626 2315 909 2375 conflictu
959 2314 1121 2375 ultra
1162 2313 1356 2375 XIIII.
1401 2315 1593 2376 millia
1641 2316 1958 2376 bominum
2007 2335 2196 2395 prope
2243 2317 2454 2375 urbem

234 2420 629 2493 Vienensem3
687 2417 935 2478 residua
991 2436 1132 2497 pars
1188 2417 1247 2476 in
1285 2418 1581 2479 ,marchia
1642 2417 2213 2501 Brandenburgensi
2278 2418 2457 2496 plura

234 2520 462 2600 oppida
508 2520 833 2591 destruxit,
879 2520 1037 2581 inter
1083 2527 1287 2580 cetera
1334 2521 1520 2580 etiam
1571 2520 1864 2599 oppidum
1914 2520 2126 2598 Gobyn
2152 2519 2219 2603 4).
2267 2516 2273 2523 ’

387 2623 427 2702 ,ξ
487 2623 881 2713 VIenzeb01·g.
1005 2622 1181 2684 Anno
1260 2622 1476 2683 eodem
1547 2621 1734 2684 duces
1795 2622 2245 2685 Sleszwicenses
2325 2633 2459 2702 post

233 2725 505 2787 medium
533 2725 1067 2808 Quadragesimae
1095 2733 1389 2805 ceperunt
1413 2721 1718 2811 [viriliter]
1744 2724 2038 2805 oppidum
2066 2727 2457 2809 Vienzeborg,

128 2834 196 2878 ’20
234 2834 294 2888 et
324 2826 504 2889 *cum
530 2847 758 2911 magna
794 2828 1188 2890 multitudine
1224 2826 1650 2888 armatorum*
1688 2846 1829 2888 cum
1865 2828 2095 2888 auxilio
2136 2830 2456 2890 civitatum

234 2930 603 2991 obsederunt
662 2938 932 2990 castrum
996 2950 1192 3012 usque
1239 2930 1318 2991 ad
1377 2932 1598 2991 festum
1660 2929 2012 2991 Nativitatis
2066 2932 2339 3002 Mariae,
2400 2939 2460 2991 et

234 3040 382 3093 tunc
426 3032 585 3093 Dani
644 3033 794 3094 illud
855 3033 1156 3095 dederunt
1214 3033 1293 3093 ad
1354 3051 1573 3093 manus
1621 3033 1879 3106 ducum,
1938 3033 2122 3094 salvis
2183 3036 2458 3113 personis

233 3154 448 3196 eorum
496 3142 557 3196 et
596 3136 803 3211 rebus3
851 3142 913 3196 et
950 3141 1127 3197 erant
1165 3135 1226 3195 in
1267 3139 1467 3195 castro
1509 3135 1672 3196 circa
1709 3143 1953 3196 centum
1992 3143 2053 3196 et
2084 3135 2212 3199 XL.
2252 3138 2363 3197 viri
2389 3135 2485 3220 5),

327 3341 334 3352 ‘
404 3338 433 3416 ξ
477 3338 783 3400 Johanna.
874 3340 1048 3400 Anno
1082 3337 1298 3399 eodem
1333 3337 1826 3422 duxHPhilippus
1862 3340 2259 3422 Burgundiae
2292 3341 2453 3420 cepit
2477 3341 2587 3402 Fol
2640 3341 2745 3407 17⁶

133 3444 197 3490 25
234 3440 584 3501 ,lohannam
632 3441 901 3521 pueliam
948 3440 1274 3512 Franciae,
1322 3449 1382 3500 et
1428 3460 1565 3501 eam
1616 3443 1883 3526 Anglicis
1930 3442 2117 3514 misit,
2165 3444 2270 3524 qui
2319 3463 2457 3505 eam

81 3541 93 3548 “
236 3550 373 3622 post
418 3542 707 3603 diversas·
733 3542 991 3604 iniurias
1036 3542 1178 3625 igne
1225 3550 1684 3617 cremaverunt3
1731 3551 1791 3605 et
1826 3544 2246 3624 captivitatem
2289 3544 2456 3605 iilam

238 3640 485 3723 proprio
523 3635 825 3705 'vaticinio
874 3649 935 3705 et
977 3653 1238 3704 mortem
1287 3642 1520 3705 dudum
1568 3653 1712 3706 ante
1758 3646 2145 3727 praedixerat
2165 3644 2230 3730 6).

404 3746 433 3824 §
469 3746 730 3809 Basilea.
815 3747 991 3808 Anno
1021 3746 1239 3808 eodem
1266 3746 1579 3826 inceptum
1611 3748 1727 3808 fuit
1757 3745 2113 3830 *gloriose*,
2149 3748 2462 3810 *auctori-

238 3852 367 3908 tate
402 3852 463 3908 et
496 3847 830 3910 mandato*
863 3848 1096 3911 domini
1123 3849 1386 3931 Eugenii
1412 3849 1573 3922 IIII.,
1600 3868 1707 3929 per
1730 3850 1765 3910 J
1774 3849 2050 3911 ulianum
2087 3850 2460 3914 cardinalem

341 4017 394 4081 a)
433 4020 525 4069 Ed.
562 4020 643 4069 Li.
682 4036 732 4070 u.
771 4021 891 4071 Fan
928 4019 1180 4071 Senensis.

243 4254 292 4302 p.
315 4239 487 4299 1301).
660 4239 719 4300 4)
749 4242 799 4290 S.
823 4242 1065 4292 Coruer
1087 4244 1150 4292 ad
1167 4243 1229 4293 A.
1253 4249 1369 4293 1431
1401 4244 1457 4303 (l.
1476 4260 1523 4294 c.
1544 4262 1593 4309 p.
1613 4251 1735 4293 1302
1761 4244 1919 4305 med.)
2123 4244 2179 4307 5)
2204 4246 2254 4297 S.
2278 4245 2460 4297 ebend.

243 4305 321 4371 (p.
351 4307 498 4369 ¹303)
537 4324 589 4357 u.
627 4308 952 4360 Detmar's
982 4312 1147 4361 For-ts.
1184 4329 1226 4360 z.
1257 4312 1308 4363 J.
1344 4317 1459 4361 1⁴31
1507 4316 1577 4371 (a.
1607 4330 1648 4361 a.
1678 4314 1736 4362 Ο.
1777 4316 1826 4362 S
1861 4320 1920 4362 59
1942 4313 2039 4375 fl.).
2247 4318 2301 4374 6)
2347 4314 2461 4381 vgl.

242 4376 488 4426 Corncr
528 4377 590 4425 ad
626 4378 686 4426 A.
723 4382 841 4426 1431
887 4377 944 4439 (l.
979 4394 1023 4427 c.
1059 4394 1173 4445 pag.
1212 4385 1335 4428 1305
1374 4382 1423 4429 in
1462 4381 1589 4441 fin.)-

1867 4483 1959 4534 12*
