3158 5260
2293 572 2467 636 XVII

244 775 348 835 der
391 775 636 850 Isagoge
678 776 717 834 l.
761 792 843 847 c.,
895 775 1174 836 nachdem
1230 793 1294 836 er
1347 777 1425 835 im
1479 776 1512 854 ᾗ
1565 777 1638 832 10
1684 795 1738 835 u.
1791 778 1859 833 11
1925 777 2017 836 die
2063 776 2324 836 Chronik
2368 776 2468 837 des

242 875 516 961 Albertus
573 878 868 937 Stadensis
911 877 1030 936 und
1085 878 1178 936 die
1222 876 1475 937 Annales
1519 877 1784 950 Albiani‚
1849 878 1966 936 und
2022 879 2100 936 im
2160 878 2193 954 ξ
2245 878 2318 934 13
2366 878 2470 936 das

245 977 456 1036 Ghron.
502 978 784 1039 Comitum
818 979 1451 1053 Schauenburgensium
1487 981 1603 1038 und
1641 978 1743 1037 das
1780 979 1975 1037 chron.
2014 979 2317 1039 Mindense
2358 996 2470 1038 von

245 1077 441 1138 Herm.
485 1080 557 1139 (16
600 1081 894 1153 Lerbeke‚
948 1098 1012 1139 so
1056 1081 1161 1140 wie
1203 1081 1280 1138 im
1328 1081 1359 1157 ξ
1410 1081 1484 1136 14
1530 1081 1633 1139 das
1680 1080 1889 1138 Chron.
1936 1079 2178 1139 Corneri
2221 1085 2476 1153 genannt

246 1179 363 1251 hat,
407 1181 484 1237 im
529 1182 560 1258 ξ
606 1183 678 1238 15
725 1183 873 1241 noch
915 1181 1245 1254 besonderS,
1291 1181 1407 1239 und
1451 1182 1666 1240 sonach
1711 1182 1795 1239 als
1838 1197 1951 1239 von
1994 1181 2121 1239 dem
2167 1180 2474 1239 chronicon

243 1282 486 1352 parochi
522 1281 836 1363 Suselensis
873 1284 1259 1355 verschieden,
1306 1282 1474 1341 theils
1508 1282 1673 1340 einen
1719 1293 1877 1338 autor
1918 1300 2207 1351 anonymus
2252 1286 2479 1338 chronici

246 1384 516 1453 reqionum
583 1387 1067 1454 septentrionalium
1121 1387 1187 1438 ab
1244 1387 1312 1443 A.
1366 1387 1422 1438 C.
1475 1383 1606 1438 800
1659 1388 1736 1439 ad
1782 1383 1849 1437 A.
1906 1381 2072 1438 1483
2129 1386 2376 1439 inediti
2428 1394 2478 1438 et

245 1483 517 1538 Saxoniae
570 1487 838 1557 inferioris
894 1488 1116 1539 dialecto
1174 1487 1481 1555 conscripti,
1543 1489 1684 1555 quod
1736 1503 1850 1538 cum
1909 1486 2031 1538 aliis
2084 1485 2476 1554 Manu-scriptis

244 1585 724 1657 Lindenbroyianis
782 1589 837 1640 in
888 1587 1190 1640 bibliotheca
1246 1587 1477 1640 civitatis
1520 1586 1944 1656 Hamburyensis
2000 1595 2079 1639 est
2133 1588 2476 1654 reconditum,

244 1684 415 1742 theils
461 1684 572 1760 (als
619 1706 840 1743 coaevus
885 1690 1028 1755 huic,
1072 1689 1131 1740 ni
1153 1683 1354 1760 fallor)
1401 1685 1566 1744 einen
1622 1689 1853 1757 scriptor
1904 1705 2196 1756 anonymus
2251 1688 2481 1741 chronici

246 1786 452 1840 Slavici
491 1792 798 1843 recentioris
843 1792 907 1844 de
949 1789 1186 1858 Lubeclc,
1229 1790 1536 1859 Hambury,
1578 1789 1879 1859 Lu'neburq,
1935 1789 2183 1856 Wismar‚
2229 1789 2477 1855 Rostoch,

246 1888 437 1942 Sunda
503 1897 553 1942 et
617 1893 802 1945 ceteris
860 1892 1160 1944 civitatibus
1216 1891 1284 1943 ab
1340 1890 1407 1941 A.
1466 1889 1522 1943 C.
1575 1887 1698 1942 801
1759 1892 1834 1943 ad
1887 1889 1954 1943 A.
2007 1887 2175 1942 1487
2229 1891 2477 1957 permiti,

248 1988 500 2048 sondern
535 2006 599 2048 er
635 1989 900 2049 bemerkt
933 1991 1080 2048 auch
1117 2006 1227 2048 von
1263 1990 1576 2060 letzterem‚
1623 1987 1765 2046 fiber
1801 1987 1903 2045 das
1943 2005 2007 2047 er
2042 1989 2476 2063 vermuthungs-

246 2090 416 2149 weise
462 2090 584 2149 sich
629 2089 803 2148 dahin
847 2095 1101 2172 aussert:
1141 2093 1348 2162 foetum
1406 2093 1540 2145 illud
1591 2108 1703 2144 esse
1744 2107 1848 2143 non
1889 2092 2062 2158 unius,
2107 2094 2205 2145 sed
2245 2093 2476 2145 diverso-

245 2209 365 2246 rum
407 2194 592 2262 potius
640 2202 958 2262 parentum,
1015 2192 1132 2250 und
1191 2190 1322 2249 dass
1379 2208 1440 2249 es
1493 2194 1829 2260 compilatum
1873 2191 1955 2263 sei
2000 2211 2061 2247 ex
2103 2195 2167 2247 H
2173 2195 2479 2262 elmold0,

247 2296 395 2347 cuius
439 2296 560 2364 ipsa
604 2295 762 2348 verba
806 2303 858 2348 et
899 2304 1190 2349 contextum
1244 2296 1299 2347 in
1329 2296 1601 2364 plerisque
1643 2295 2041 2348 narrationibus
2084 2296 2299 2364 repetit,
2352 2310 2481 2351 aus-

246 2393 572 2466 drficklich,
628 2394 759 2453 dass
804 2394 988 2454 dieses
1033 2392 1344 2451 chronicon
1390 2393 1494 2463 „A.
1533 2393 1692 2450 1609
1734 2395 2088 2464 Francofhrti
2116 2396 2482 2465 publicatum“

248 2494 352 2565 sei,
396 2495 501 2553 wie
546 2513 610 2555 er
652 2496 729 2553 im
776 2496 807 2572 ξ
845 2496 918 2552 12
965 2494 1109 2554 uber
1151 2494 1245 2553 die
1283 2512 1328 2554 s,
1363 2513 1418 2568 g.
1453 2495 1705 2554 Annales
1734 2493 2057 2602 Albiani,
2102 2495 2206 2552 mit
2241 2495 2483 2569 Angabe

247 2729 483 2795 allseitig
518 2731 883 2796 gewiirdigten
913 2730 1319 2795 Aeusserungen
1349 2731 1591 2781 wortlich
1625 2729 2020 2781 mitzutheilen:
2059 2729 2278 2781 Praeter
2300 2732 2485 2781 Arnol-

245 2798 423 2847 dinam
443 2799 580 2847 aliae
601 2801 749 2847 etiam
774 2799 1068 2864 alleqantur
1083 2796 1598 2848 ChroniciSlawrum
1614 2798 1926 2848 Helmoldini
1944 2800 2359 2860 continuationes,
2376 2816 2401 2848 s
2415 2799 2489 2848 ed

244 2868 588 2915 manuscri
648 2874 748 2915 tae
786 2873 846 2915 et
879 2866 1193 2916 hactenus
1219 2866 1536 2926 ineditae.
1603 2864 1874 2916 Obscurior
1908 2883 1985 2926 ea,
2021 2883 2169 2931 quam
2204 2884 2237 2915 a
2261 2866 2487 2932 parocho

245 2934 492 2984 ecclesiae
516 2936 566 2982 in
659 2936 811 2997 ayrici
831 2932 1142 2983 Susselensis
1178 2951 1420 2998 anonymo
1449 2936 1810 2995 concinnatam,
1834 2933 2028 2999 sibique
2049 2936 2211 2983 visam
2242 2942 2290 2983 et
2312 2934 2487 2984 lectam

244 3018 387 3061 esse,
430 3008 647 3050 testatur
685 2998 951 3050 Conradus
987 3001 1052 3051 ab
1089 3000 1305 3051 Ho'rcln.
1386 3003 1444 3051 In
1482 3003 1653 3051 seiner
1687 3000 1929 3064 Diatriba
1963 3001 2223 3051 bisc-crit.
2262 3002 2324 3052 de
2360 3002 2485 3052 Hel-

242 3067 444 3130 moldO‚
481 3066 650 3133 presb.
687 3104 698 3114 .
737 3104 748 3116 .
786 3069 1112 3131 Bosoviensi,
1149 3070 1365 3133 eiusque
1403 3069 1653 3119 chronico
1694 3070 1996 3131 Slavorum‚
2044 3075 2097 3119 et
2130 3069 2287 3119 huius
2322 3071 2489 3120 conti-

239 3134 564 3185 nuatoribus
599 3142 754 3199 atque
783 3135 1089 3186 editoribus.
1144 3136 1361 3186 Liibeck
1400 3141 1543 3199 1709,
1582 3145 1626 3185 4.
1665 3136 1697 3198 5
1726 3137 1971 3186 XXXIX.
2006 3142 2123 3201 sagt
2147 3153 2229 3187 er:
2270 3135 2490 3187 Praeter

238 3205 653 3253 continuationes
697 3202 922 3253 chronici
935 3222 938 3225 ’
964 3202 1230 3253 Slavorum
1277 3203 1589 3253 Helmoldini
1631 3204 1786 3266 duas,
1834 3205 2048 3253 alteram
2084 3204 2324 3265 Arnoldi,
2374 3240 2385 3252 .
2427 3241 2438 3253 .
2475 3242 2487 3252 .

238 3273 470 3321 alteram
502 3269 793 3338 presbyteri
826 3269 1130 3331 Bremensis,
1170 3308 1182 3320 .
1219 3307 1230 3319 .
1267 3308 1278 3319 .
1316 3280 1578 3338 utramque
1613 3280 1780 3322 autem
1817 3274 1940 3333 luce,
1979 3269 2204 3339 typorum
2241 3271 2488 3338 beneficiO,

224 3342 352 3407 jam
392 3338 631 3387 donatam
658 3337 880 3405 publica,
915 3375 927 3386 .
968 3374 980 3386 .
1019 3375 1032 3386 .
1069 3340 1250 3388 aliae
1287 3341 1439 3388 etiam
1473 3357 1506 3388 a
1543 3342 1797 3390 nonnullis
1832 3342 2126 3405 alleyantur
2159 3342 2182 3389 i
2195 3357 2226 3390 n
2244 3340 2346 3389 edi
2358 3348 2421 3389 ta
2436 3358 2487 3399 e;

238 3424 426 3457 verum
463 3409 618 3466 istae,
656 3408 762 3455 nisi
796 3409 990 3455 omnino
1016 3406 1207 3472 fallor,
1244 3407 1329 3455 rel
1357 3406 1656 3457 chimericae
1691 3416 1812 3457 sunt
1854 3416 1903 3457 et
1923 3407 2175 3472 fictitiae,
2208 3409 2291 3457 vel
2322 3407 2492 3457 obscu-

236 3478 433 3534 riores,
467 3481 515 3523 et
549 3473 834 3523 editione
880 3473 1052 3523 haud
1083 3476 1245 3523 satis
1283 3472 1543 3539 diqnae.
1604 3474 1745 3525 Talis
1774 3483 1850 3525 est
1881 3476 1996 3535 illa,
2033 3492 2181 3541 quam
2208 3493 2241 3524 a
2268 3474 2491 3541 parocho

238 3544 496 3593 ecclesiae
531 3577 541 3589 .
582 3577 594 3588 .
632 3578 643 3588 .
679 3540 992 3591 Susselensis
1029 3543 1392 3601 concinnatam,
1427 3542 1622 3608 sibique
1654 3545 1817 3592 visa-m
1843 3551 1892 3591 et
1931 3543 2107 3592 lectam
2143 3558 2251 3591 esse
2275 3540 2422 3592 Conr.
2457 3560 2490 3591 a

238 3610 451 3661 Ho‘veln
489 3645 501 3657 .
541 3644 554 3658 .
590 3645 602 3657 .
642 3617 870 3659 testatur.
946 3607 1209 3668 Quodnam
1242 3610 1304 3658 de
1350 3609 1443 3658 illa
1478 3610 1750 3673 ferendum
1786 3613 1856 3659 sit
1897 3610 2165 3669 iudicium,
2203 3609 2410 3668 hacrco;
2458 3629 2491 3658 a

236 3680 447 3728 nemine
483 3679 611 3725 enim
638 3686 852 3744 praeter
886 3675 1153 3726 Hovelium
1204 3685 1517 3726 memoratur.
1584 3676 1727 3727 *Huic
1762 3680 1889 3727 enim
1925 3676 2177 3743 rhapsodo
2213 3679 2490 3743 ineptienti,

239 3750 396 3796 immo
434 3746 488 3794 in
525 3744 620 3793 hac
652 3749 768 3811 ipsa
792 3744 1138 3812 praefatione,
1174 3762 1235 3794 ac
1272 3746 1458 3794 inserto
1494 3747 1547 3795 ei
1581 3762 1785 3796 recensu
1823 3745 2182 3805 chronicorum,
2218 3780 2229 3792 .
2266 3780 2279 3792 .
2315 3780 2327 3792 .
2364 3761 2493 3810 quae

237 3832 399 3880 lecta-
438 3826 539 3877 sibi
582 3844 691 3877 esse
726 3828 981 3895 perhibet,
1021 3802 1414 3886 aventicum),
1452 3829 1665 3879 subinde
1710 3866 1721 3878 .
1759 3866 1770 3878 .
1807 3865 1818 3878 .
1856 3829 1918 3877 de
1961 3831 2183 3895 ipsorum
2230 3827 2493 3878 autoribus

232 3899 400 3965 salsa
439 3903 535 3945 aut
557 3913 747 3962 parum
781 3905 923 3946 certa
963 3898 1201 3957 tradenti,
1237 3915 1303 3946 an
1343 3905 1446 3946 tuto
1480 3898 1623 3946 credi
1645 3899 1826 3965 possit,
1864 3899 2131 3946 etiamnum
2167 3894 2377 3961 ambiqo.
2432 3898 2494 3946 In

245 3968 411 4016 Tom.
442 3963 549 4019 x111.
590 3963 800 4013 endlich
849 3964 939 4014 der
974 3965 1205 4015 Cimbria
1238 3965 1466 4015 litterata
1500 3970 1706 4015 aussert
1740 3964 1851 4015 sich
1890 3963 2143 4014 Moller
2178 3964 2250 4013 im
2285 3963 2495 4013 Artikel

241 4031 578 4086 Helmoldus
627 4032 681 4079 in
729 4031 819 4080 fin.
868 4048 916 4096 p.
955 4039 1065 4095 32„
1111 4032 1337 4082 welcher
1390 4031 1598 4082 Artikel
1645 4032 1779 4082 nach
1829 4031 1860 4093 S
1903 4037 1940 4080 1.
1978 4031 2069 4081 der
2102 4030 2344 4080 Diatriba
2399 4048 2495 4081 zur

238 4102 369 4152 Zeit
418 4098 515 4148 der
559 4098 783 4163 Isagoge
832 4096 1023 4150 bereits
1074 4098 1460 4164 ausgearbeitet
1503 4115 1613 4149 war
1658 4099 1766 4149 und
1818 4101 1872 4148 in
1915 4099 2065 4162 jener
2107 4099 2253 4149 einer
2301 4097 2494 4149 Ueber-

239 4168 547 4230 arbeitung
566 4165 825 4230 unterlag‚
849 4182 947 4215 nur
966 4167 1096 4216 kurz
1116 4167 1303 4216 dahin:
1342 4166 1376 4215 I
1388 4184 1416 4215 n
1435 4167 1614 4216 edita
1653 4166 1961 4216 hactenus
1998 4174 2048 4216 et
2063 4167 2214 4216 simul
2238 4164 2495 4216 obscurior

239 4246 322 4289 est
361 4235 693 4285 continuatio
730 4233 955 4283 chronici
972 4233 1295 4294 Helmoldini,
1332 4251 1479 4300 quam
1514 4253 1545 4283 a
1573 4234 1801 4301 parocho
1842 4236 2082 4284 ecclesiae
2112 4269 2125 4282 .
2148 4270 2159 4282 .
2184 4230 2494 4283 Susselensis

237 4307 636 4360 concinnatam,
678 4300 870 4368 sibique
894 4304 1055 4351 risam
1083 4311 1133 4351 et
1164 4303 1337 4351 lectam
1370 4317 1477 4350 esse
1506 4300 1652 4350 Com.
1689 4302 1751 4351 ab
1781 4300 1976 4351 Ho‘reln
2012 4338 2025 4350 .
2063 4338 2074 4351 .
2112 4338 2150 4362 .,
2189 4303 2495 4366 incertum

238 4392 370 4443 qua
395 4368 593 4437 side,
636 4376 866 4418 testatur.

1928 4471 1970 4519 B
