3158 5260
254 1700 317 1741 10

254 2207 312 2249 15

248 2719 314 2760 20

253 3374 317 3417 25

1054 552 1273 617 'PARS
1316 566 1362 617 J.
1432 564 1593 618 GAP.
1642 564 1864 617 9-10,
2499 559 2584 622 2³

354 764 599 825 videtur
655 764 915 825 Fembre
969 764 1173 825 insula
1204 761 1270 847 ¹).
1342 762 1517 824 Haec
1571 764 1787 824 civitas
1842 772 1904 826 et
1962 760 2282 843 pfovincia
2323 765 2583 826 fortissi-

355 866 471 926 mis
516 867 663 926 viris
706 864 997 927 decorata
1033 862 1199 948 est²)‚
1256 866 1432 926 cuius
1476 865 1677 946 reguli
1722 862 2055 948 quonssdam
2097 866 2375 927 omnium
2411 865 2582 929 Obo-

353 970 640 1030 tritorum
708 969 838 1028 sive
907 967 1265 1029 Cicinorum
1337 973 1400 1028 et
1470 968 1652 1050 longe
1719 968 2123 1028 remotiorum
2200 968 2576 1048 populorum

355 1071 697 1132 dominium
760 1071 1069 1132 habebant
1096 1068 1165 1152 3).
1254 1069 1431 1131 Haec
1489 1068 1706 1130 civitas
1753 1069 2107 1152 Aldenburg
2159 1069 2354 1132 fidelis
2413 1073 2581 1131 facta

353 1181 632 1252 tempore
665 1172 927 1243 Ottoni8‚
973 1168 1067 1256 [ut
1100 1189 1289 1251 supra
1327 1190 1459 1249 cap.
1502 1171 1666 1233 VIII.
1706 1171 1766 1232 in
1813 1172 2132 1252 principio,
2177 1191 2317 1233 cum
2364 1172 2579 1234 ceteris

353 1270 582 1357 Slauis]
627 1274 894 1353 primum
941 1276 1019 1333 ab
1060 1271 1289 1334 Ottone
1333 1273 1684 1353 pontificem
1729 1276 1969 1353 accepit
2012 1274 2262 1335 nomine
2306 1274 2579 1336 Mercio—

354 1386 550 1449 nem⁸‚
606 1375 871 1438 subdens
923 1376 977 1436 ei
1026 1394 1269 1436 omnem
1328 1375 1756 1438 Obotritorum
1822 1375 2198 1452 provinciam
2256 1395 2455 1456 usque
2497 1378 2577 1438 ad

355 1482 611 1557 [Penem
657 1480 916 1540 fluvium
964 1480 1000 1538 i.
1050 1480 1130 1552 e.]
1176 1476 1290 1537 deb
1338 1478 1570 1555 Peyne,
1617 1484 1678 1536 et
1724 1476 1937 1536 urbem
1985 1476 2284 1555 Demmyn
2303 1473 2373 1559 ⁴).
2463 1479 2579 1539 His

353 1582 732 1662 temporibus
802 1578 1053 1642 Sleswik
1124 1579 1407 1639 Romano
1482 1578 1841 1639 subiacebat
1911 1578 2172 1657 imperio
2243 1597 2383 1639 cum
2444 1585 2580 1640 tota

352 1694 518 1745 terra.
564 1682 885 1765 wago-ica,
938 1682 998 1741 in
1054 1699 1181 1760 qua
1226 1688 1360 1741 erat
1404 1679 1759 1761 Aldenburg
1777 1679 1845 1756 ὅ).
1927 1681 2047 1740 Hic
2093 1681 2354 1742 Marco.c
2399 1666 2579 1761 prae-

354 1787 552 1847 dictus
621 1803 864 1845 omnem
936 1783 1233 1862 populum
1301 1783 1485 1844 istum
1552 1801 1729 1843 sacro
1799 1784 1965 1842 fonte
2030 1782 2182 1844 lavit
2243 1802 2439 1863 usque
2497 1782 2576 1845 ad

355 1889 653 1966 Demmyn
689 1883 776 1970 [et
808 1880 1065 1968 Penem]
1083 1885 1152 1959 6).
1222 1884 1363 1956 Quo
1397 1883 1705 1947 defunctO.
1746 1884 1998 1945 Sleswik
2026 1887 2275 1964 proprio
2308 1886 2579 1948 antistite

351 1991 647 2051 decorata
683 1994 774 2048 est
794 1989 859 2065 ⁷).
883 1994 943 2047 et
977 1988 1037 2047 in
1076 1986 1430 2066 Aldenburg
1460 1987 1754 2048 successit
1784 1987 2147 2051 venerabilis
2194 1987 2286 2047 vir
2318 1986 2578 2071 ngar-

352 2094 494 2154 dus.
541 2091 860 2153 ordinatus
906 2108 945 2148 a
989 2095 1199 2149 sancto
1246 2087 1561 2170 Adeldago
1609 2088 2070 2167 archiepiscopo
2119 2089 2576 2152 Hammenbur·

350 2190 612 2277 gensiss).
702 2192 824 2252 Hic
869 2191 1095 2251 multos
1140 2189 1439 2250 convertit
1486 2188 1843 2265 Slauorum3
1916 2191 2149 2251 multae
2213 2191 2577 2254 aedificatae

350 2302 494 2357 sunt
552 2296 870 2365 ecclesiae.
928 2290 1275 2355 sacerdotes
1334 2299 1395 2351 et
1451 2292 1740 2352 monachi
1802 2292 2220 2371 multiplicati3
2280 2301 2575 2372 patronus

352 2398 648 2459 ecclesiae
704 2394 1219 2479 Aldenburgensis
1274 2394 1391 2454 suit
1448 2392 1556 2456 S.‹¹
1619 2394 1932 2454 Jobannes
1985 2394 2290 2474 Baptista,
2357 2394 2576 2456 Meke-

354 2500 772 2583 lenburgensis
837 2518 984 2559 vero
1054 2498 1305 2567 Petru8‚
1377 2495 1480 2555 ubi
1546 2502 1608 2554 et
1675 2495 2116 2556 monasterium
2176 2497 2486 2580 virginum
2505 2494 2572 2578 ⁹).

353 2603 684 2664 Pontifices
752 2600 1271 2681 Aldenbergenses
1350 2613 1642 2680 magnam
1722 2597 2028 2661 habebant
2098 2600 2368 2685 gratiam
2434 2618 2575 2661 cum

352 2705 581 2790 regulis
626 2704 988 2767 Slauorum,
1034 2701 1229 2781 quia⁰
1283 2706 1561 2778 potentes
1618 2701 1817 2761 effecti
1865 2702 2181 2780 pontifices
2225 2703 2303 2763 ab
2348 2701 2577 2762 Ottone

353 2809 727 2886 imperatore
769 2807 829 2866 in
876 2803 1316 2882 temporalibus
1343 2803 1440 2878 ¹0).

1230 2989 1587 3072 Capitulum
1635 2989 1703 3050 X.

2627 887 2677 937 p.
2717 876 2826 921 192.

352 3077 613 3209 lANno
677 3146 866 3228 igitur
938 3143 1112 3225 regni
1178 3142 1421 3204 Ottonis
1475 3140 1807 3203 XXXVIII.
1872 3149 1934 3200 et
1991 3142 2231 3221 imperii
2286 3141 2578 3219 XXXVI„
2616 3149 2745 3213 Fol.
2774 3158 2851 3216 3·-

328 3249 473 3310 ‘boc
525 3261 615 3309 est
679 3266 842 3307 anno
896 3244 1146 3305 Domini
1200 3254 1324 3310 974
1346 3243 1386 3314 ¹,
1442 3244 1762 3305 domitoris
1822 3244 2099 3305 omnium
2155 3245 2582 3323 septentrionis

356 3335 705 3422 nationum,
765 3347 927 3409 idem
976 3348 1105 3426 ipse
1148 3345 1407 3407 feliciter
1444 3345 1740 3429 migravit
1782 3347 1860 3407 ad
1908 3345 2261 3416 Dominum,
2306 3347 2582 3426 sepultus

456 3521 515 3580 a)
563 3519 656 3568 Ed.
677 3518 756 3567 Li.
777 3529 828 3568 et
847 3520 960 3568 Fa.:
997 3515 1301 3566 Mar-eonem..
1474 3515 1532 3577 b)
1569 3484 1662 3566 Ed.
1685 3518 1763 3567 Li.
1784 3527 1835 3566 ct
1855 3519 1969 3566 Fa:
2007 3518 2099 3567 dle.
2273 3523 2331 3576 c)
2370 3519 2439 3566 So
2471 3518 2585 3567 hier

558 3585 695 3636 auch
725 3586 807 3636 die
823 3586 915 3635 Ed.
940 3602 1014 3650 pr.
1219 3584 1276 3644 d)
1314 3585 1409 3634 Ed.
1429 3584 1508 3633 Li.
1530 3592 1582 3633 et
1602 3586 1719 3634 Fa.:
1756 3601 1822 3634 sc.
1846 3585 1952 3634 und
1974 3586 2079 3634 scil.
2286 3585 2343 3642 e)
2381 3584 2475 3633 Ed.
2504 3585 2582 3633 Li.

559 3662 612 3703 et
624 3655 737 3704 Fax
762 3657 860 3719 qui.
1028 3653 1076 3713 f)
1099 3653 1167 3703 So
1190 3652 1306 3702 hier
1320 3652 1426 3701 und
1446 3653 1680 3701 naohher
1700 3655 1796 3701 mit
1816 3652 1907 3702 der
1925 3652 2019 3701 Ed.
2033 3669 2109 3717 pr.
2129 3651 2214 3700 die
2228 3651 2322 3700 Ed.
2336 3651 2400 3700 Li
2430 3668 2480 3700 u.
2494 3651 2585 3707 Fa,

360 3829 555 3875 I’crtz
592 3842 637 3872 a.
676 3839 719 3871 a.
760 3822 821 3871 O.
859 3839 907 3886 p.
940 3820 1078 3883 392).
1116 3847 1180 3857 -—-
1222 3822 1270 3870 S.
1309 3821 1445 3871 auch
1486 3821 1804 3870 Albertus
1844 3820 2014 3870 stad.
2052 3821 2114 3869 ad
2155 3821 2213 3869 A.
2252 3824 2342 3869 971
2386 3837 2435 3869 u.
2475 3826 2587 3882 98⁴,

357 3894 446 3943 der
474 3893 571 3943 mit
599 3892 763 3940 Adam
796 3889 892 3938 den
916 3887 1179 3953 Euaqrius
1211 3889 1286 3938 als
1298 3891 1499 3954 primu-s
1528 3889 1737 3937 Aldenb.
1767 3888 2090 3938 bezeichuet.
2298 3888 2350 3945 5)
2389 3887 2587 3939 Ebend.

357 3977 471 4026 oap-
501 3965 575 4008 12.
602 3961 632 4018 §
657 3964 700 4007 6.
875 3964 931 4006 6)
970 3957 1164 4006 Ebend.
1207 3960 1239 4018 ξ
1262 3962 1308 4006 7.
1334 3959 1388 4005 in
1416 3958 1504 4006 fin.
1695 3961 1752 4012 7)
1791 3956 1986 4007 Ebend.
2016 3955 2046 4014 ἓ
2073 3962 2117 4004 S.
2292 3954 2351 4018 8)
2390 3956 2585 4006 Ebend.

360 4030 389 4088 ξ
445 4033 608 4077 8.-9,
835 4028 887 4079 9)
938 4025 1136 4074 Ebend.
1192 4027 1221 4085 ἓ
1272 4029 1498 4073 10.-12.
1565 4025 1671 4088 vgl.
1723 4026 1819 4072 mit
1867 4024 2067 4072 Adam
2110 4023 2305 4073 Brenn.
2365 4022 2482 4073 Lib.
2520 4024 2587 4074 11.

359 4114 403 4146 c.
446 4102 521 4144 19.
734 4092 815 4151 10)
863 4093 956 4141 Bei
1004 4091 1315 4143 Helmold
1351 4109 1395 4140 a.
1433 4109 1477 4140 a.
1527 4092 1589 4142 Ο.
1638 4092 1667 4151 ἓ
1712 4097 1784 4140 13.
1839 4093 2002 4141 lautet
2053 4092 2135 4141 die
2186 4092 2591 4157 entsprechende

361 4164 517 4214 Notiz
553 4163 740 4212 dahin:
780 4158 1012 4208 Fecerunt
1045 4169 1321 4226 practerea
1357 4159 1797 4223 Aldeubwyenses
1831 4160 2092 4227 pontifices
2141 4159 2404 4208 admodum
2440 4157 2590 4208 hono-

361 4231 549 4281 rabiles
586 4247 711 4294 crya
748 4228 945 4291 reyulos
982 4225 1275 4288 Slavorum,
1324 4246 1377 4277 eo
1426 4229 1559 4293 quod
1594 4228 1933 4293 mun-{ficentur
1971 4230 2142 4291 mayni
2166 4227 2417 4294 princepis
2457 4223 2591 4275 Otto-

363 4301 444 4348 m's
493 4299 738 4347 cumulata·
792 4303 958 4345 essent
1003 4297 1347 4363 temporalium
1396 4312 1565 4344 rerum
1612 4294 1910 4359 affluentia.
1973 4296 2102 4343 unde
2143 4302 2350 4364 possent
2394 4295 2591 4362 copiose

363 4368 552 4432 larqiri
587 4374 636 4414 et
656 4364 895 4428 savorem
932 4363 1031 4413 sibi
1052 4365 1235 4431 populi
1265 4366 1584 4420 consciscere,
