3158 5260
1098 503 1297 557 PARS
1342 505 1423 557 II.
1496 504 1655 557 CAP.
1704 505 1805 560 36.
2444 499 2558 562 103

1085 703 1441 783 Capitulum
1489 701 1762 767 XXXVI.

333 782 534 916 NOn
592 855 773 939 longe
819 861 953 935 post
1000 855 1293 918 liberatur
1339 875 1543 917 comes
1590 855 1934 937 Adolphus;
1997 859 2073 919 ob
2118 857 2178 919 id
2225 857 2554 938 *praesen-

335 953 505 1018 tata*
549 962 640 1017 est
683 957 814 1040 regi
857 956 1079 1019 domus
1122 957 1185 1020 in
1230 957 1639 1020 Louenborch
1668 959 1733 1037 ¹).
1835 959 1913 1020 Et
1967 960 2130 1021 circa
2187 958 2348 1022 idem
2394 970 2554 1022 tem-

336 1077 450 1137 pus
493 1057 821 1121 aedificata
866 1066 954 1121 est
999 1059 1061 1121 in
1107 1058 1377 1122 Liuonia
1422 1061 1638 1122 civitas
1683 1060 1843 1144 regis
1867 1058 1932 1145 2).

265 1280 293 1323 5
501 1264 681 1325 Anno
735 1262 982 1326 Domini
1034 1273 1197 1334 1204
1256 1264 1466 1345 cepit⁸
1524 1264 1687 1326 idem
1744 1283 1848 1327 rex
1893 1262 2309 1327 Ertneborchb
2364 1261 2555 1350 [trans

332 1360 643 1450 Albeam]‚
710 1365 1133 1448 destruxitque
1191 1364 1354 1428 idem
1380 1364 1455 1450 3);
1532 1372 1594 1428 et
1648 1373 1863 1447 postea
1921 1367 2109 1428 filiam
2165 1368 2325 1452 regis
2372 1366 2388 1452 ἐξ
2430 1368 2549 1429 Bo·
2600 1394 2647 1442 ρ.
2688 1383 2797 1427 204.

331 1466 578 1530 herniae
622 1467 1047 1553 Margaretam
1094 1468 1268 1530 duxit
1313 1488 1568 1532 uxorem
1589 1466 1658 1552 4).

501 1572 673 1632 Anno
736 1569 982 1633 Domini
1045 1579 1243 1639 1211ο
1307 1571 1572 1633 obtinuit
1642 1591 1746 1633 rex
1804 1571 2120 1633 Danorum
2191 1571 2549 1634 Wolmarus

331 1671 682 1745 Prusiam⁶‚
743 1679 803 1734 et
855 1675 1082 1736 multas
1126 1670 1338 1757 terssras
1382 1692 1421 1735 a
1466 1673 1623 1735 duce
1668 1673 1745 1736 de
1789 1672 2020 1753 Stettyn
2069 1682 2129 1734 et
2175 1673 2556 1737 raedificavit
2602 1701 2650 1750 p.
2691 1682 2807 1734 221.

232 1791 293 1834 ιο
329 1775 628 1856 Demmyn
654 1774 721 1860 ⁵).

495 1879 671 1940 Anno
719 1879 964 1941 Domini
1014 1887 1177 1946 1218
1222 1899 1328 1941 rex
1372 1877 1732 1940 wolmarus
1788 1878 1928 1962 igne
1973 1872 2349 1960 consumpsit
2392 1879 2554 1941 mul-

331 1989 424 2043 tas
469 1988 662 2043 terras
707 1982 870 2043 circa
926 1979 1129 2044 stadis
1180 1980 1244 2042 in
1306 1981 1509 2042 bieme
1557 1979 1789 2052 valida,
1849 1987 1911 2041 et
1957 1980 2311 2042 Hamborch
2364 1980 2550 2043 etiam

331 2083 596 2145 obtinuit
641 2102 768 2145 una
811 2103 951 2144 cum
999 2082 1225 2145 comite
1268 2082 1516 2145 Alberto
1540 2079 1609 2166 ⁶).
1715 2082 1792 2143 Et
1845 2082 2124 2163 proximo
2170 2101 2333 2144 anno
2380 2082 2554 2144 aedi-

329 2186 538 2247 ficavit
592 2185 753 2247 idem
812 2205 1016 2247 comes
1060 2183 1233 2246 iussu
1289 2184 1450 2270 regis
1477 2180 1522 2267 ⁷)
1578 2181 2048 2255 Trauemunde,
2104 2184 2409 2246 collocans
2471 2183 2551 2245 ibi

234 2299 291 2342 ¹5
328 2287 547 2350 turrim
600 2287 1012 2349 firmissimam
1057 2280 1487 2372 [latericiam]
1583 2286 1720 2347 Hoc
1774 2286 1962 2347 etiam
2023 2292 2301 2367 tempore
2355 2285 2552 2347 Lubic

328 2395 578 2452 murata
621 2395 711 2450 est
753 2389 816 2451 in
862 2382 1125 2452 cii-cuitu
1169 2393 1231 2449 et
1274 2385 1454 2449 valde
1483 2389 1747 2461 firmata,
1778 2394 1839 2449 et
1885 2383 2195 2474 [tamene]
2242 2388 2359 2449 fuit
2390 2387 2550 2449 cari-

327 2494 446 2554 stia
491 2491 730 2554 duobus
776 2489 954 2552 annis
977 2486 1043 2574 ⁸).
1113 2488 1291 2551 Anno
1322 2488 1572 2550 Domini
1613 2497 1773 2557 1218
1821 2490 1970 2552 obiit
2003 2490 2150 2552 Otto
2197 2490 2550 2570 imperator,

330 2603 466 2676 post
520 2592 739 2676 quemf
779 2590 1141 2685 Fredericus
1202 2589 1508 2653 secundus
1565 2589 1968 2672 *imperavit*
2024 2587 2126 2679 [ut
2184 2592 2243 2654 in
2301 2592 2551 2674 speculo

327 2699 462 2761 Lib.
512 2747 524 2761 .
575 2747 588 2761 .
639 2693 743 2784 .8].
1901 2710 1903 2713 ’

229 2820 292 2864 20
494 2800 635 2862 Hoc
691 2819 853 2863 anno
908 2798 1052 2861 fecit
1095 2793 1458 2858 Wolmarus
1505 2791 1642 2882 [rex
1693 2791 1958 2883 Daciae]
2018 2796 2298 2858 coronari
2355 2796 2548 2858 filium

327 2922 514 2965 suum
559 2902 1033 2965 Woldemarum
1079 2899 1139 2961 in
1187 2897 1439 2962 Sleswik
1486 2898 1548 2959 in
1597 2917 1804 2981 regem
1850 2898 2109 2971 Daciae,
2157 2905 2218 2960 et
2263 2897 2380 2959 fuit
2422 2904 2547 2960 ter-

329 3006 450 3067 tius
497 3005 696 3067 dictus
739 3004 858 3067 boc
904 3001 1150 3067 nomine
1173 2998 1241 3085 9).

358 3212 726 3220 'mm
1841 3209 1851 3239 1

528 3346 755 3398 welcher
790 3346 902 3404 „M
937 3341 1097 3409 iate&
1132 3345 1240 3409 hat,
1275 3350 1413 3396 ware
1451 3353 1568 3395 tunc
1603 3361 1668 3395 zu
1703 3353 1981 3405 erwarten3
2030 3345 2165 3395 doch
2210 3345 2427 3411 glaubte
2461 3345 2548 3397 ich

528 3414 611 3465 die
636 3414 821 3466 Lesart
857 3414 984 3464 aller
1006 3411 1291 3479 Ausgabeu
1325 3411 1659 3464 beibchalten
1695 3427 1761 3462 zu
1797 3411 1979 3463 sollen.
2184 3411 2237 3475 f)
2272 3413 2366 3464 Ed.
2389 3412 2469 3463 Li.
2494 3429 2546 3463 u.

528 3483 646 3532 Fa:
716 3490 953 3547 ostquam.
1158 3478 1222 3547 g)
1268 3481 1369 3531 Die
1405 3479 1624 3546 Angabe
1662 3481 1753 3531 des
1792 3479 1966 3531 Buchs
2002 3480 2109 3530 und
2144 3480 2381 3546 Kapitels
2419 3479 2548 3532 fehlt

529 3552 583 3600 in
619 3549 669 3600 al
693 3566 757 3600 en
793 3547 1107 3615 Ausgabem
1142 3564 1209 3599 zu
1243 3555 1418 3599 sotzon
1456 3549 1523 3598 ist
1558 3548 1725 3598 wohl:
1765 3546 1873 3597 Lib.
1913 3545 2000 3596 30.
2038 3565 2144 3615 cap.
2185 3547 2222 3595 1.

322 3770 555 3822 bertus
578 3769 735 3836 *stam
771 3769 847 3819 als
883 3769 970 3819 bei
1006 3768 1138 3819 Arn
1154 3767 1258 3818 old
1274 3784 1342 3819 us
1378 3768 1477 3817 mir
1513 3767 1952 3833 vorgekommene
1989 3767 2143 3817 Notiz
2179 3767 2364 3817 nimmt
2396 3765 2546 3816 Cor-

323 3851 514 3888 netus
551 3837 617 3888 ad
653 3838 715 3888 A.
740 3841 860 3886 1211
904 3836 962 3892 (1.
995 3851 1041 3887 c.
1077 3852 1126 3902 p.
1148 3833 1270 3899 815)
1306 3835 1498 3886 wieder
1532 3837 1630 3886 auf
1657 3836 1757 3885 den
1792 3837 2108 3885 continuator
2138 3832 2319 3885 Chron.
2347 3832 2543 3885 Slavor.

326 3905 516 3969 Bezug.
573 3906 625 3954 S.
662 3904 914 3970 iibrigons
942 3904 1082 3955 auch
1112 3906 1377 3956 Detmar
1411 3919 1439 3952 z
1487 3905 1537 3951 J.
1571 3908 1700 3953 1210
1726 3918 1775 3953 ιι.
1804 3907 1924 3952 1211
1972 3901 2042 3964 (a.
2068 3916 2114 3950 a.
2147 3902 2208 3953 Ο.
2241 3903 2290 3953 S.
2323 3908 2403 3952 85.
2433 3901 2544 3963 86.)

327 3971 381 4033 6)
422 3974 474 4021 Β.
509 3972 828 4023 Albortus
864 3972 1004 4022 stad.
1040 3971 1108 4023 ad
1142 3972 1206 4022 A.
1234 3976 1364 4020 1216
1401 3986 1450 4019 u.
1488 3973 1753 4021 Detmar
1792 3972 1907 4021 εὖ.
1940 3974 2062 4019 1216
2099 3967 2171 4031 (a.
2199 3970 2329 4020 a.O.
2356 3971 2408 4022 S.
2439 3971 2545 4028 91.)

329 4041 381 4101 7)
419 4039 470 4090 Β.
509 4040 646 4090 Hist.
683 4046 822 4104 gent.
858 4040 1049 4090 Danor.
1086 4038 1152 4090 ad
1186 4040 1250 4090 A.
1293 4041 1434 4088 1217.
1652 4036 1706 4100 8)
1756 4038 1872 4103 Vgl.
1909 4039 2177 4089 Detmar
2211 4038 2275 4088 ad
2312 4038 2375 4088 A.
2415 4041 2541 4087 1217

326 4107 396 4167 (a.
426 4122 472 4156 a.
501 4106 563 4158 Ο.
602 4107 763 4162 8.93)
800 4122 850 4156 ιι.
888 4106 1213 4157 Cornetus
1249 4106 1316 4157 ad
1351 4105 1413 4155 A.
1445 4110 1569 4155 1218
1607 4105 1668 4167 (a
1720 4121 1763 4155 a.
1802 4106 1865 4156 Ο.
1901 4122 1933 4171 p
1982 4102 2121 4166 848).
2326 4106 2385 4166 9)
2423 4104 2543 4169 Vgl.

324 4175 589 4226 Detmar
624 4174 687 4224 ad
725 4174 785 4224 A.
830 4180 950 4223 1217
991 4173 1060 4236 (a.
1079 4173 1210 4224 a.O.
1249 4175 1384 4224 &93
1419 4179 1538 4239 post
1571 4173 1735 4235 med.)
1774 4190 1825 4223 u.
1862 4173 2189 4225 Cornetus
2225 4174 2288 4223 ad
2318 4173 2387 4223 A.
2414 4177 2542 4222 1223

325 4248 395 4302 (a.
423 4257 468 4293 ο..
494 4240 555 4293 O.
595 4258 643 4310 p.
681 4241 825 4302 855).
900 4240 950 4290 S.
988 4241 1128 4293 auch
1162 4242 1361 4294 Histor.
1396 4247 1537 4307 gent.
1571 4241 1706 4293 Dan.
1742 4240 1807 4293 ad
1842 4241 1903 4294 Δ.
1948 4245 2089 4294 1218.
