3158 5260
967 498 1170 559 PARS
1228 504 1288 557 V.
1347 503 1485 556 Arm.
1529 496 1711 553 1483.
2018 579 2021 582 Ι
2216 554 2219 556 ,
2327 485 2461 555 357

400 704 634 767 Eodem
681 722 869 778 ann0,
908 698 1179 789 [XVIII.
1222 696 1426 786 Julii],
1470 700 1977 783 Hamburgenses
2023 698 2456 778 decapitarunt

230 807 536 889 quosdam
595 806 846 887 [cives]‚
914 806 1023 886 qui
1080 807 1335 867 fuerunt
1385 804 1449 865 in
1507 821 1701 865 causa
1759 800 2173 878 insultationis
2241 806 2455 863 contra

228 910 647 983 consulatum,
702 909 860 970 inter
914 926 1071 988 quos
1126 907 1244 969 suit
1287 906 1544 988 quidam
1602 904 1954 986 principalis
2017 903 2456 966 disertissimae

225 1012 586 1086 facundiae,
645 1011 843 1074 dictus
888 1010 959 1074 N.
1007 1028 1125 1072 van
1184 1009 1362 1072 deme
1418 1010 1571 1083 Loo,
1634 1009 1742 1089 qui
1805 1014 2010 1070 tamen
2070 1006 2190 1069 fuit
2242 1005 2455 1070 condi-

159 1132 187 1174 5
225 1116 409 1179 tionis
454 1115 690 1177 servilis
735 1120 937 1179 natus.
2570 1177 2578 1184 ,

396 1220 631 1282 Eodem
670 1238 851 1292 ann0,
898 1213 1087 1300 [XXI.
1122 1216 1323 1297 Julii]‚
1370 1219 1538 1279 sacta
1585 1221 1676 1278 est
1721 1216 2006 1297 [iterum]
2053 1212 2262 1274 diaeta
2306 1230 2456 1297 gra-

226 1324 320 1385 vis
364 1324 523 1385 inter
567 1323 874 1405 Magnum
920 1322 1140 1383 ducem
1188 1319 1585 1404 Magnopolis
1631 1324 1692 1381 et
1735 1319 2112 1380 Lubicenses
2157 1317 2219 1378 in
2263 1335 2457 1399 nego-

223 1427 313 1488 tio
346 1425 648 1487 Hartwici
679 1425 1068 1487 Lutzouwen
1112 1425 1176 1486 in
1227 1424 1411 1505 [loom
1465 1423 1574 1504 qui
1619 1421 1873 1501 dicitur]
1922 1421 2305 1505 Vredeborg,
2353 1421 2458 1481 ubi

225 1534 361 1591 erat
407 1527 800 1610 [multitudo]
847 1527 1236 1607 pontificum,
1294 1525 1750 1587 civitatensium
1805 1531 1867 1586 et
1910 1524 2331 1586 nobilitarium
2381 1522 2458 1585 de

126 1642 188 1686 10
224 1631 609 1715 Magnopoli,
656 1626 1093 1716 [Louenborg]
1142 1636 1203 1691 et
1244 1628 1601 1705 Holtzacia3
1658 1632 1720 1689 et
1774 1634 1912 1708 post
1965 1627 2162 1689 multa
2207 1624 2458 1688 *exorta

225 1732 354 1795 est*
410 1733 537 1795 alia
592 1731 800 1794 diaeta
852 1732 915 1794 in
974 1731 1315 1794 Wismaria
1359 1729 1665 1793 servanda
1725 1729 1824 1793 die
1870 1730 2091 1793 Lunae
2150 1735 2289 1811 post
2341 1730 2458 1791 As-

223 1836 592 1918 sumptionis
637 1836 901 1898 Mariae.
997 1834 1140 1909 Qua
1200 1838 1415 1896 exorta
1471 1834 1811 1915 postulavit
1862 1832 1986 1894 dux
2041 1832 2301 1894 multam
2350 1845 2459 1912 pe-

227 1940 474 2001 cuniam
514 1956 553 2000 a
587 1923 1169 2009 Lubicensibus„eo
1218 1934 1388 2017 quod
1434 1934 1739 1996 misissent
1785 1934 2152 2019 magistrum
2199 1934 2460 1996 militiae

228 2029 405 2114 suae,
466 2040 785 2101 dominum
832 2040 1206 2101 Wernerum
1274 2037 1563 2100 comitem
1611 2036 1688 2099 de
1732 2036 2122 2105 Handsteen,
2179 2043 2458 2118 tempore

132 2159 190 2203 15
229 2144 422 2207 noctis
466 2143 681 2205 tollere
725 2142 990 2204 eundem
1028 2141 1416 2204 Lutzouwen
1464 2140 1541 2202 de
1586 2140 1772 2202 domo
1819 2159 1935 2202 sua
1981 2146 2043 2201 et
2089 2140 2265 2202 lecto.
2338 2139 2458 2203 Sed

228 2245 447 2308 *nemo
493 2246 607 2307 sibi
654 2244 843 2307 dabat
886 2242 1229 2316 muscam*‚
1292 2244 1471 2325 quia,
1528 2242 1699 2323 quod
1750 2244 1985 2303 sactum
2041 2242 2185 2316 suit,
2245 2243 2460 2327 vigore

230 2349 535 2432 privilegii
578 2347 917 2436 imperialis
960 2349 1195 2409 sactum
1240 2346 1360 2408 suit
1414 2346 1475 2427 [a
1520 2345 1993 2418 LubicensibuS,
2045 2345 2236 2429 igitur
2283 2346 2460 2426 etc.];

230 2451 389 2514 dura
429 2452 591 2514 enim
638 2452 825 2528 verba
857 2450 941 2511 ibi
976 2449 1274 2511 ventilata
1307 2455 1467 2513 sunt.
1549 2449 1702 2510 Fine
1742 2455 1949 2510 tamen
1992 2448 2164 2510 finali
2208 2448 2460 2509 conclu-

230 2559 397 2625 sum,
470 2560 541 2615 ut
613 2552 777 2615 idem
833 2553 1188 2615 Hartwicus
1255 2554 1485 2613 faceret
1543 2550 1895 2614 cautionem
1958 2569 2067 2630 per
2125 2547 2458 2635 *cognatos
2552 2545 2558 2553 ’

130 2671 195 2716 20
232 2664 294 2719 et
337 2656 569 2718 amicos
612 2653 796 2717 suos*
838 2655 985 2735 ipsis
1018 2654 1481 2718 LubicensibuS.
1558 2654 1707 2717 Ideo
1740 2654 1832 2716 his
1864 2654 2148 2716 omnibus
2195 2654 2458 2734 peractis

232 2765 295 2822 et
335 2760 593 2821 firmatis
632 2756 774 2819 *die
804 2757 1113 2823 Mercurii,
1137 2754 1316 2837 post*
1347 2758 1788 2820 Decollationis
1820 2757 2123 2819 Johannis
2167 2758 2227 2819 in
2274 2776 2458 2837 prae-

234 2862 392 2924 torio
438 2862 795 2935 Lubicensi,
856 2880 1043 2923 curru
1105 2880 1247 2922 cum
1312 2880 1430 2922 sua
1486 2861 1830 2923 conthorali
1875 2860 1988 2923 ivit
2046 2859 2126 2922 ad
2187 2859 2457 2941 propria.

236 2964 445 3041 [Quod
499 2970 707 3026 tamen
751 2964 1029 3044 pluribus
1074 2963 1386 3048 displicuit
1420 2961 1437 3048 ΙΙ
1472 2959 1738 3038 civibus,
1797 2983 1940 3025 cum
1995 2963 2292 3043 scriptum
2352 2962 2760 3034 sithol.37¹’·

233 3067 551 3129 Maleficos
599 3087 720 3130 non
764 3069 929 3129 sinas
973 3067 1201 3130 vivere.
1291 3067 1410 3130 Sed
1456 3067 1517 3128 in
1571 3067 1665 3128 his
1714 3068 1996 3129 omnibus
2041 3067 2227 3128 timor
2282 3065 2464 3128 affuit

133 3186 194 3228 25
234 3170 601 3243 consulatui,
646 3169 798 3250 quia
843 3187 963 3231 non
1008 3178 1145 3230 erat
1188 3187 1436 3231 annona
1480 3169 1540 3230 in
1590 3168 1886 3248 civitate}

403 3272 636 3334 Eodem
671 3279 966 3353 tempore,
1014 3272 1176 3334 circa
1207 3272 1562 3334 Nativitatis
1594 3272 1858 3344 Mariae,
1897 3271 2022 3333 dux
2053 3270 2461 3334 *Flandriae*

232 3374 698 3436 Maximilianus
742 3375 1127 3436 intromissus
1172 3380 1264 3435 est
1307 3393 1347 3434 a
1390 3374 1917 3446 TraiectensibuS,
1978 3393 2135 3454 quos
2181 3374 2289 3436 diu
2331 3375 2460 3436 iam

234 3477 469 3539 obsedit
513 3482 760 3557 propter
806 3478 1190 3558 episcopum,
1252 3477 1352 3557 [ut
1396 3477 1629 3539 dictum
1678 3476 1815 3556 est].
1917 3460 2226 3539 Fecerunt
2267 3477 2460 3561 igitur

230 3581 313 3642 ibi
358 3579 621 3641 honores
665 3579 780 3641 sibi
825 3584 888 3641 et
943 3579 1334 3665 homagium,
1391 3584 1453 3641 et
1508 3584 1748 3659 partem
1808 3578 1972 3640 muri
2018 3579 2282 3641 civitatis
2325 3579 2457 3640 solo

132 3705 196 3749 30
231 3682 611 3763 aequabant,
658 3681 810 3761 quia
852 3682 940 3743 sic
984 3682 1183 3744 voluit
1225 3681 1367 3745 dux.
1458 3680 1640 3756 Quae
1682 3686 1892 3744 tamen
1938 3681 2148 3743 omnia
2193 3681 2300 3743 diu
2345 3682 2459 3743 sibi

230 3804 353 3847 non
396 3782 820 3858 *servabunt*,
868 3803 1012 3847 cum
1054 3785 1351 3866 scriptum
1396 3785 1498 3847 sit:
1545 3785 1715 3847 Hoet
1764 3785 1841 3865 dy
1874 3804 1977 3860 nu,
2023 3785 2169 3846 hoet
2205 3783 2277 3865 dy
2319 3783 2459 3858 dan,

232 3887 377 3949 boet
420 3886 497 3966 dy
539 3906 651 3947 vor
693 3886 871 3949 einen
917 3887 1252 3952 Uterschen
1298 3906 1464 3950 man.

400 3989 637 4051 Eodem
667 3987 966 4070 tempore,
1008 3991 1164 4052 seria
1189 3990 1332 4053 IIII.
1366 3988 1579 4070 *post*
1610 3988 1953 4062 Michaelis,
1982 3988 2273 4052 haeretici
2298 3989 2458 4050 Pra-

230 4110 446 4175 genses
490 4091 847 4154 occiderunt
890 4095 1020 4154 sere
1063 4094 1419 4156 innumeros
1459 4093 1824 4155 christianos
1869 4111 1995 4154 una
2039 4092 2313 4153 noctium
2362 4085 2455 4175 [in

133 4215 194 4259 35
232 4193 450 4256 eadem
478 4190 778 4281 civitate}
795 4193 1208 4259 *monasteria
1235 4194 1638 4260 dirimerunt*
1653 4204 1695 4270 ²,
1725 4188 2125 4290 [monachos]
2153 4199 2215 4255 et
2246 4198 2456 4263 omnes

332 4336 386 4395 a)
423 4336 492 4392 So
529 4334 631 4387 alle
668 4334 967 4402 Ausgaben.
1061 4339 1068 4352 ¹
