3158 5260
1022 567 1227 624 PARS
1284 571 1340 625 V.
1399 543 1535 624 Imm.
1584 569 1768 626 1465.
2378 563 2503 630 251

292 767 525 842 eodem,
575 769 738 830 circa.
777 769 1286 849 Carnisprivium,
1327 769 1493 830 venit
1524 770 1882 832 Gherardus
1922 789 2127 833 comes
2172 771 2249 833 de
2285 772 2519 835 Olden-

292 873 475 935 borch
523 873 584 934 in
624 872 1023 945 Holtzatiam,
1067 876 1129 933 et
1165 871 1411 933 monitis
1449 871 1712 944 vasalliS,
1757 872 1885 934 suis
1930 872 2405 952 fidejussoribuS,
2451 883 2521 938 ut

293 973 510 1036 darent
562 974 673 1036 sibi
716 973 843 1036 XL.
872 974 1067 1036 millia
1124 991 1475 1035 marcarum
1524 969 1633 1059 [de
1680 974 1926 1056 patria],
1973 975 2124 1055 quia
2160 977 2248 1038 sic
2294 976 2522 1040 diffini-

292 1092 425 1137 tum
472 1077 614 1150 suit,
673 1075 923 1158 quando
980 1078 1168 1138 frater
1225 1076 1359 1137 eius
1405 1075 1832 1156 [Cristiernus]
1889 1079 2091 1140 sactus
2145 1085 2235 1140 est
2290 1078 2415 1141 dux
2458 1080 2520 1142 in

226 1178 254 1220 5
292 1178 523 1240 ducatu
585 1185 646 1240 et
706 1190 910 1240 comes
969 1178 1028 1240 in
1092 1178 1434 1253 Holtzatia3
1503 1178 1611 1259 qui
1660 1177 1808 1240 dum
1872 1198 1991 1240 non
2040 1179 2357 1253 haberent,
2418 1187 2528 1244 uta

292 1280 632 1354 solverent,
663 1280 986 1360 usurpavit
1028 1279 1141 1341 sibi
1187 1286 1388 1340 castra
1435 1280 1690 1359 patriae,
1737 1282 2129 1362 [connivente
2154 1282 2170 1367 ΙΙ
2191 1283 2304 1345 sibi
2345 1285 2516 1346 clan-
2540 1282 2669 1346 Fol.
2700 1290 2821 1349 25⁰·

295 1381 433 1442 culo
481 1382 843 1455 Cristierno,
890 1381 1121 1453 dicens,
1169 1380 1319 1461 quia
1376 1380 1505 1460 ipse
1567 1400 1747 1443 verus
1810 1382 2137 1446 haberetur
2201 1386 2423 1461 hereS,
2463 1394 2525 1449 et

300 1482 461 1544 dulci
509 1485 704 1545 affatu
747 1482 1049 1544 contraxit
1087 1484 1329 1544 favores
1366 1487 1425 1543 et
1457 1483 1762 1546 amicitias
1796 1485 1975 1566 quasi
2009 1506 2148 1549 cum
2184 1484 2520 1574 omnibus}

298 1585 594 1647 Veniente
639 1605 788 1669 ergo
834 1605 980 1669 rege
1026 1589 1164 1665 post
1209 1583 1452 1645 Pascha
1497 1584 1575 1646 ad
1621 1587 1847 1667 scripta
1892 1588 2358 1663 Holtzatorum,
2415 1611 2522 1652 co-

199 1695 259 1739 10
296 1705 430 1749 ram
474 1688 826 1768 Kiloneque
871 1686 1078 1749 diaeta
1127 1692 1374 1749 servata,
1420 1706 1560 1748 cum
1609 1686 1958 1751 civitat-ibus
2006 1695 2064 1752 et
2111 1692 2332 1754 militia
2378 1692 2522 1773 [pa-

295 1783 534 1873 triae],.
576 1790 741 1849 facta
798 1794 888 1849 est
933 1788 1256 1850 Gherardo
1304 1807 1466 1850 nova
1523 1789 1732 1850 cautio
1775 1811 1961 1871 super
2005 1793 2185 1855 certis
2231 1794 2521 1868 terminis»,

295 1894 356 1950 et
410 1890 647 1970 quievit
702 1889 1026 1968 paululum
1057 1885 1120 1971 ¹).
1220 1887 1452 1950 Eodem
1499 1895 1777 1970 tempore
1844 1913 1947 1954 rex
2005 1894 2305 1970 Poloniae
2361 1898 2525 1977 cepit

294 1992 610 2053 Marinum
661 1992 933 2076 legatum
982 1997 1042 2051 et
1088 1991 1294 2051 multis
1340 1989 1521 2052 *eum
1556 1994 1975 2072 explumavit*
2018 1996 2344 2074 thesauris;
2394 2018 2520 2079 quo

294 2093 510 2155 audito
556 2098 858 2155 arrestata
898 2098 1046 2166 ‚sunt
1092 2094 1251 2154 bona
1294 2112 1407 2154 sua
1454 2088 1520 2154 in
1551 2093 1767 2158 Lubek
1817 2097 2135 2161 existentia
2177 2119 2283 2180 per
2324 2097 2518 2183 fiscass-
2564 2116 2613 2166 Ρ·
2653 2096 2775 2148 249·

94 2211 103 2223 ·
200 2183 258 2245 ¹5
296 2196 454 2257 rium
503 2213 704 2275 papae
742 2195 1068 2256 Hinricum
1088 2196 1359 2269 Pomert,
1383 2196 1750 2259 canonicum
1777 2197 2198 2275 Lubicensem,
2232 2200 2518 2283 *demum

298 2318 405 2378 per
454 2317 661 2382 regem
715 2297 1001 2361 Daciae*.
1102 2297 1335 2360 Habuit
1393 2299 1549 2360 inter
1595 2306 1800 2362 cetera
1851 2302 2056 2381 plures
2107 2295 2316 2375 libros,
2363 2297 2518 2384 quos

295 2397 372 2460 *a
417 2399 607 2461 Danis
653 2406 714 2488 et
758 2386 1010 2462 Suecis*
1060 2406 1283 2484 argute
1341 2401 1611 2465 abstulit.
1703 2403 1834 2464 Hos
1879 2404 2284 2467 credebantur
2328 2404 2519 2468 Gothi

296 2501 617 2563 abstulisse
662 2501 738 2563 de
777 2503 928 2564 urbe
961 2503 1243 2564 Romana
1290 2508 1351 2564 et
1393 2503 1807 2579 circumcirca,
1854 2505 2103 2587 quando
2151 2507 2361 2569 urbem
2409 2507 2518 2568 de-

295 2609 617 2666 vastarunt
649 2622 812 2666 anno
844 2603 1092 2667 Domini
1128 2603 1638 2680 CCCLXXVIII.·
1678 2607 1969 2671 Finaliter
2006 2614 2211 2671 tamen
2259 2610 2519 2671 cessavit

195 2706 259 2750 ²⁰
293 2706 571 2769 fiscarius
615 2705 872 2787 papaeb,
914 2714 975 2769 et
1029 2707 1287 2792 nuncius
1334 2708 1494 2791 regis
1541 2710 1750 2772 omnia
1776 2711 2052 2774 obtinuit
2095 2711 2155 2773 in
2193 2712 2408 2774 Lubek
2456 2722 2517 2773 et

294 2809 657 2894 Luneburg,
715 2829 944 2889 ponens
1000 2809 1385 2889 fidejussores
1439 2812 1873 2875 commissariis
1929 2814 2229 2876 bonorum
2288 2814 2365 2876 de
2419 2814 2516 2876 in-

294 2911 647 2973 demnitate.
718 2907 1032 2997 [Marinus
1077 2931 1195 2973 non
1237 2910 1406 2974 dedit
1450 2914 1582 2997 regi
1629 2920 1918 2994 quartam
1965 2921 2201 2997 partem
2251 2935 2514 2997 proven-

293 3020 496 3086 tuum,
543 3018 614 3075 ut
655 3014 961 3094 promisit3
1006 3013 1195 3098 igitur
1240 3009 1386 3099 eto]
1413 3012 1479 3098 2).
1544 3030 1560 3043 ·

462 3117 637 3177 Anno
683 3115 928 3185 eodem,
995 3117 1443 3197 Assumptionis
1488 3118 1748 3192 Mariae,
1793 3118 2153 3181 Bremenses
2201 3140 2324 3183 una
2369 3141 2512 3184 cum

194 3219 256 3264 25
291 3205 579 3299 episcopo
602 3217 1075 3280 Monasteriensi
1118 3220 1478 3282 invaserunt
1521 3218 1897 3301 *populose*
1943 3228 2170 3284 terram
2206 3222 2511 3286 Gherardi

290 3319 366 3381 de
400 3318 773 3404 Oldenburg,
819 3327 880 3382 et
924 3321 1306 3401 usurpabant
1351 3341 1541 3384 unam
1590 3322 1929 3397 ecclesiam,
1975 3342 2165 3405 quam
2204 3326 2315 3387 sibi
2342 3325 2513 3388 Ghe-

288 3422 506 3484 rardus
537 3423 807 3484 firmavit
835 3424 1244 3512 *fortalitium*
1264 3430 1325 3485 et
1350 3424 1606 3486 domum
1641 3424 1923 3510 refugii*.
1969 3426 2334 3489 Muneribus
2352 3428 2514 3490 enim

288 3515 356 3585 et*
408 3525 687 3605 precibus
747 3525 1089 3587 allexerunt
1134 3525 1491 3588 Bremenses
1550 3525 1816 3588 eundem
1881 3528 2238 3608 episcopum
2292 3529 2405 3591 sibi
2451 3530 2514 3591 in

287 3624 443 3688 *litis
490 3626 888 3689 consortem*.
983 3627 1343 3690 Gherardus
1400 3648 1545 3691 vero
1603 3629 1826 3691 timore
1878 3649 2208 3692 concussus
2264 3635 2515 3715 treugas

386 3780 445 3842 a)
484 3782 553 3832 So
578 3781 679 3832 alle
701 3781 1011 3848 Ausgabem
1048 3784 1301 3849 richtiger
1337 3788 1474 3835 ware
1505 3784 1644 3836 wohl
1682 3788 1748 3836 1ιῆ
1760 3822 1773 3847 ,
1809 3784 1856 3835 d.
1886 3788 1936 3836 h.
1967 3786 2113 3836 unde.
2283 3785 2345 3844 b)
2381 3786 2517 3837 Dass

486 3866 543 3900 so
582 3849 666 3900 die
697 3850 1092 3915 Interpunction
1124 3852 1335 3917 richtig,
1362 3852 1563 3916 ergiebt
1593 3854 1677 3903 die
1699 3853 2092 3918 Vergleiehung
2121 3854 2214 3903 mit
2234 3856 2516 3905 Detmar.

282 4019 491 4069 Biicher
525 4018 632 4068 und
671 4019 1176 4083 Silbergeschmeide
1225 4038 1290 4071 zu
1327 4020 1544 4072 Liibeck
1595 4019 1810 4081 ,miuron
1847 4019 1996 4086 chtbbe
2032 4019 2093 4086 bt)
2131 4018 2376 4081 funbetfen
2415 4028 2517 4084 ωτι

283 4082 474 4142 sorrow,
511 4101 605 4137 aus
651 4085 1245 4153 dieser'Vergleiehung
1291 4090 1466 4150 nicht,
1515 4091 1656 4140 wohl
1703 4090 1828 4140 aber
1872 4092 1990 4141 eino
2038 4091 2392 4157 Erliiuterung
2427 4093 2517 4142 des

282 4153 475 4218 obigen
495 4153 769 4204 Schlusses
800 4154 977 4215 (iabin,
1005 4156 1123 4206 dass
1153 4157 1387 4224 Marinus
1411 4157 1524 4207 dem
1555 4158 1766 4223 Konige
1803 4160 1890 4207 ein
1910 4159 2076 4219 Quart
2105 4159 2195 4209 der
2228 4161 2283 4209 iu
2307 4160 2515 4210 Schwe-

281 4220 380 4270 den
428 4236 492 4270 zu
542 4220 865 4271 erhebenden
902 4222 1357 4274 Ablass·1ntraden
1405 4231 1681 4290 zugesagt,
1729 4225 1855 4275 aber
1901 4226 2051 4277 nicht
2099 4226 2308 4291 gezahlt
2352 4228 2512 4288 hatte,

280 4287 386 4335 und
406 4288 539 4404 ἐϊῗε
584 4287 799 4338 deshalb
838 4290 1132 4349 Danischer
1169 4292 1304 4341 Seits
1353 4290 1443 4350 der
1480 4292 1886 4352 obenerwlihnte
1926 4294 2109 4345 zweite
2147 4293 2515 4369 Arrestschlag

280 4370 403 4424 gese
444 4372 470 4405 e
512 4371 573 4405 en
614 4370 731 4411 war.
