3158 5260
2335 512 2535 574 LXIII

306 736 436 791 men
478 719 605 793 hat,
652 719 830 780 durch
875 715 910 754 ’¹‘
937 715 1002 792 *,
1048 718 1181 793 und,
1229 720 1408 779 worin
1452 724 1615 779 sonst
1655 719 1843 779 dieser
1884 716 2180 789 abweicht,
2225 718 2535 779 besonders

307 819 687 896 hervorhebe)
732 839 826 880 um
870 822 934 881 so
977 821 1141 881 mehr
1183 821 1392 893 werth,
1438 821 1523 879 als
1567 838 1641 878 an
1686 820 1789 878 der
1832 819 2003 878 Hand
2046 820 2347 879 derselben
2391 837 2536 895 ganz

306 920 519 995 fuglich
579 922 672 981 die
732 922 1072 982 Geschichte
1138 922 1241 980 der
1305 923 1466 982 alten
1524 921 1760 980 Drucke
1825 921 2040 980 sowohl
2096 922 2238 981 tiber
2300 922 2535 981 Lubeck

306 1022 422 1080 und
485 1023 576 1081 die
640 1024 769 1083 Zeit
829 1022 1172 1095 Dreyer’s
1237 1024 1473 1095 bimus»,
1538 1022 1624 1081 als
1689 1023 1834 1081 auch
1899 1023 1986 1081 bis
2049 1023 2138 1081 ins
2209 1025 2302 1081 17.
2362 1024 2534 1083 Jahr-

310 1240 405 1290 hac
448 1244 804 1308 inscriptione.-
855 1235 963 1304 ’βυτ
1000 1236 1220 1305 beginnet
1265 1241 1316 1290 be
1338 1235 1621 1299 Qenbefcbe
1657 1235 1927 1299 OEbtonecfe.
2002 1239 2208 1291 Desinit
2244 1259 2359 1292 ann.
2395 1240 2534 1293 1485

310 1307 388 1357 his
424 1308 615 1358 verbis.-
652 1302 790 1367 ῶεῆε
825 1317 919 1358 van
956 1308 1037 1357 bet
1071 1304 1270 1366 minsten
1308 1344 1319 1357 .
1357 1345 1368 1357 .
1406 1345 1417 1358 .
1457 1308 1641 1358 methea
1682 1301 1900 1375 feneum]

444 1374 664 1425 *Latina
689 1376 840 1425 liuius
866 1375 1091 1425 chronici
1112 1378 1462 1443 interpretatio
1490 1385 1538 1441 ty
1575 1379 1620 1425 is
1648 1374 1770 1435 [bei
1795 1374 1848 1424 V.
1867 1379 1995 1441 typis
2019 1377 2274 1443 antiquis]
2295 1393 2535 1444 expressa

310 1451 361 1492 et
393 1461 440 1492 a.
478 1441 624 1493 1520
670 1444 762 1504 [so
811 1460 873 1493 ex
906 1456 1221 1504 correctura,
1275 1394 1647 1509 urspriingfich
1692 1444 1788 1493 wie
1832 1443 1920 1493 bei
1968 1441 2020 1493 V.
2067 1462 2114 1493 a.
2155 1441 2535 1511 1521]f0r1ma

294 1511 424 1576 folii
456 1510 578 1572 [bei
625 1509 678 1560 V.
726 1513 778 1560 in
801 1511 898 1576 fol.
926 1512 1067 1578 play.
1104 1509 1218 1571 19],
1245 1511 1460 1577 finitque
1494 1510 1686 1571 verbis,
1729 1528 1857 1577 quae
1891 1513 1942 1559 in
1980 1513 2254 1561 vernacula
2289 1511 2387 1574 [V.
2423 1530 2536 1563 ver·

307 1581 491 1629 nacula
528 1578 777 1639 editione]
813 1596 910 1627 non
952 1580 1218 1643 lequntur:
1254 1577 1437 1638 „Finis
1459 1575 1466 1642 {
1492 1586 1569 1627 est
1603 1615 1613 1626 .
1650 1615 1661 1626 .
1699 1614 1711 1626 .
1747 1614 1758 1626 .
1795 1579 2134 1629 civitatibusf‘
2185 1578 2338 1630 Hanc
2360 1580 2533 1631 editio-

306 1663 416 1696 nem
451 1644 550 1707 [V.
585 1646 1089 1714 interpretationem]
1124 1645 1380 1713 Etpoldus
1415 1645 1824 1710 Lindenbroqius
1859 1649 1993 1695 inter
2025 1649 2295 1714 scriptores
2328 1645 2534 1714 {rerum

310 1713 727 1763 Germanicarum
765 1721 813 1763 et
845 1713 1323 1781 Septentrionalium
1359 1711 1457 1775 [V.
1488 1722 1621 1765 setzt
1655 1714 1841 1763 hinzu:
1884 1712 2120 1779 Francos.
2148 1712 2294 1764 1609
2329 1733 2533 1766 excusos

307 1799 368 1831 ac
394 1781 673 1847 Hamburq.
704 1779 850 1831 1706·
878 1781 1115 1842 recusos]
1151 1780 1464 1848 adoptavit“,
1500 1780 1593 1830 sub
1629 1781 1823 1831 indice.-
1857 1777 2101 1845 „Inlcerti
2122 1786 2345 1833 auctoris
2378 1782 2534 1834 Chro-

309 1852 424 1899 nica
474 1849 729 1900 Slavica“.
794 1848 1095 1899 Merebatur
1147 1851 1297 1898 etiam
1352 1849 1507 1898 locum
1538 1851 1676 1898 inter
1718 1844 2017 1916 Scriptolres
2070 1867 2170 1900 rer.
2218 1850 2534 1902 Danicarum

309 1916 796 1983 Lanqenbeclcianos.

457 1983 773 2035 Vernaculae
809 1983 1046 2035 editionis
1083 1986 1311 2034 notitiam
1338 1986 1540 2051 primus
1578 1983 1792 2033 dederat
1825 1987 1848 2033 i
1879 2001 1934 2034 se
1969 2002 2031 2034 ex
2065 1985 2378 2036 haereditate
2411 1991 2502 2038 avi
2520 1982 2528 2040 Ι

309 2050 390 2102 Jo.
439 2050 622 2103 Christ.
671 2051 916 2114 Beselini,
966 2051 1128 2101 Ducis
1173 2051 1445 2102 Meeklenb.
1500 2070 1534 2101 a
1576 2050 1768 2101 Senatu
1845 2055 2084 2114 anctiori,
2121 2053 2272 2103 huius
2305 2057 2490 2106 cimelii
2521 2053 2527 2119 Ξ

307 2122 551 2170 litterarii
584 2120 855 2187 poffeffor,
900 2120 1048 2169 divus
1100 2117 1301 2169 Ernest.
1353 2118 1528 2169 Joaclz.
1579 2119 1642 2168 de
1703 2117 1841 2169 West
1874 2119 2045 2180 halen,
2095 2121 2271 2238 praiz.
2325 2121 2377 2171 Τ.
2425 2123 2528 2172 ΙΙΙ.

307 2183 687 2253 ΜοηῑιΙηιεηίον.
722 2188 910 2248 incdit„
946 2190 1228 2253 iustumque
1263 2189 1312 2237 ei
1334 2189 1558 2253 pretium
1597 2189 1652 2236 in
1674 2138 1911 2252 fontibpus
1941 2187 2186 2239 historiae
2256 2186 2530 2253 ubeleensis

294 2256 560 2320 statuerat
606 2257 764 2305 omnis
813 2257 1070 2305 litteratae
1115 2263 1165 2304 et
1210 2256 1375 2309 civilis
1424 2257 1649 2304 civitatis
1691 2253 1903 2317 Coelius,
1937 2251 1944 2320 Ι
1982 2252 2325 2318 Bunekavius,
2359 2260 2534 2308 consul

307 2324 500 2388 noster,
560 2327 611 2373 in
661 2324 841 2373 notitia
889 2322 1199 2390 Scriptorum
1248 2321 1491 2371 historiae
1536 2318 1881 2385 Lubeffcanae,
1936 2340 2037 2390 qua
2095 2324 2282 2374 indices
2335 2326 2530 2390 nostros

308 2394 574 2441 exornavit
642 2409 690 2440 a.
753 2389 904 2440 1755.
962 2408 1016 2457 p.
1080 2388 1167 2440 3-3.
1237 2383 1344 2456 [boi
1410 2390 1454 2438 V
1530 2389 1698 2439 lautet
1761 2391 1852 2440 der
1911 2392 2055 2441 Satz:
2122 2390 2203 2440 De
2255 2395 2530 2443 vernacula

306 2467 473 2508 autem
523 2461 632 2508 sive
679 2458 971 2508 authentica
1032 2460 1179 2508 istius
1236 2456 1461 2507 chronici
1505 2458 1722 2506 editione
1780 2475 1919 2508 nemo
1982 2459 2220 2509 hactenus
2283 2463 2528 2523 notitiam,

307 2535 547 2592 quantum
594 2528 724 2586 scio,
774 2525 949 2576 habuit
1004 2535 1052 2575 et
1096 2525 1239 2575 dedit
1277 2533 1491 2592 praeter
1536 2527 1733 2574 unicum
1779 2524 1980 2590 Ernest.
2024 2523 2198 2576 Joaelz.
2249 2527 2311 2576 de
2371 2525 2529 2578 West-

295 2594 512 2662 phalea,
569 2597 658 2661 qui
707 2596 760 2644 in
804 2593 1034 2662 praefat.
1110 2592 1249 2643 Tomi
1297 2592 1401 2644 III.
1454 2592 1645 2643 Rerum
1699 2591 1981 2644 Germanic.
2027 2612 2078 2662 p.
2131 2591 2181 2644 2.
2234 2603 2284 2645 et
2330 2593 2379 2645 3.
2436 2613 2529 2646 au-

306 2671 459 2713 torem
513 2665 661 2713 etiam
716 2662 931 2724 indicat,
986 2662 1234 2712 scribens.-
1298 2659 1614 2727 „Sinqulari
1670 2660 1930 2727 industria
1981 2698 1992 2711 .
2031 2699 2042 2710 .
2081 2698 2093 2711 .
2153 2658 2526 2731 Luneburqss‘fi

310 2728 454 2790 Quae
511 2730 551 2780 b.
591 2731 833 2798 poffeffor
886 2732 939 2779 in
973 2730 1155 2795 fronte
1205 2731 1421 2796 propria
1472 2746 1622 2778 manu
1677 2738 1965 2791 notaverat,
2014 2731 2243 2797 produnt
2286 2728 2528 2798 autolrm

292 2798 572 2865 paroc-lium
617 2797 954 2864 Suselensem,
1006 2800 1121 2865 ipsa
1173 2804 1336 2846 autem
1389 2798 1592 2846 collatio
1642 2797 1830 2863 liquide
1881 2799 2110 2860 ostendit,
2149 2794 2156 2863 Ι
2191 2816 2288 2849 non
2341 2803 2527 2867 optima

291 2866 401 2931 fide
442 2868 647 2933 saepius
698 2874 747 2915 et
787 2866 1074 2917 altertidem
1124 2882 1233 2914 eum
1284 2864 1569 2914 authentico
1619 2866 1782 2929 eyisse
1826 2862 2255 2933 metalplirastem,
2309 2870 2392 2918 vel
2435 2869 2528 2918 ad-

301 2934 491 2983 suendo
536 2933 831 2984 ‘emblemata
881 2941 928 2983 et
976 2934 1221 2992 lacinias,
1276 2933 1356 2982 cel
1400 2932 1618 2997 coqendo
1662 2927 1975 2999 quanldoque
2025 2934 2178 2983 rerba
2230 2939 2426 2985 autoris
2471 2940 2526 2986 in

300 3003 495 3051 alienos
530 3017 733 3061 sensus,
769 3004 877 3050 sive
912 3018 973 3050 ex
1009 3003 1223 3060 incuria,
1256 2995 1413 3065 {sive,
1452 3000 1587 3078 quod
1618 3016 1738 3050 vero
1773 3003 1936 3066 maqis
1969 3003 2132 3052 simile
2168 3011 2255 3063 est,
2292 3020 2353 3053 ex
2385 3006 2526 3067 iqno-

300 3072 477 3119 rantia
535 3071 741 3134 linquae
785 3064 1145 3134 qermanicae}
1184 3075 1232 3116 et
1278 3067 1628 3117 vocabulorum
1679 3083 1773 3117 usu.
1809 3069 2119 3119 detritoruni.
2204 3069 2341 3121 Hinc
2391 3088 2432 3121 e.
2473 3089 2524 3138 9.

294 3139 489 3203 passim
538 3138 665 3201 leqis
714 3154 820 3185 eum
856 3135 1057 3197 Ketter,
1104 3135 1288 3186 Ketzer
1323 3135 1563 3201 (infamia
1611 3132 1819 3186 Veneris
1867 3136 2092 3186 bestialis
2141 3144 2386 3198 notatum)
2425 3157 2525 3206 pro

300 3204 568 3265 haeretico,
607 3213 655 3253 et
692 3203 899 3270 Deqlien
936 3205 1123 3260 (virum
1151 3203 1368 3287 for'tem,
1414 3207 1698 3263 strenuum)
1723 3221 1824 3271 pro
1859 3205 2046 3254 decano
2080 3206 2376 3273 quandoque
2410 3224 2527 3256 ven·

280 3280 505 3345 ditasse.
577 3279 740 3329 Plura
776 3279 926 3329 huius
950 3276 956 3343 ἰ
964 3280 1185 3345 farinae
1221 3289 1680 3349 αριαρτηματα
1719 3276 1884 3342 tace0.1

433 3352 594 3401 Istum
632 3351 783 3413 (siet)
819 3352 1085 3403 chronicon
1124 3353 1213 3404 Lu
1231 3356 1414 3406 becae
1461 3375 1494 3405 a
1530 3354 1668 3405 1485
1721 3356 1800 3405 vel
1832 3353 1976 3404 1490
2019 3358 2313 3422 impressum
2359 3358 2523 3417 credo,

284 3421 436 3484 forte
460 3415 466 3484 Ι
489 3439 521 3470 a
556 3420 738 3470 Matth.
767 3419 960 3483 Brand,
997 3424 1159 3472 reteri
1194 3431 1292 3472 tum
1330 3426 1562 3490 temporis
1603 3423 1922 3490 typoyrapho·
1996 3421 2143 3473 Exiit
2174 3441 2235 3473 ex
2269 3422 2521 3488 eiusdem!

297 3489 505 3605 qsficina
539 3489 798 3554 rariffima
830 3491 885 3538 in
922 3491 1073 3539 terris
1111 3490 1301 3555 nostris
1337 3494 1504 3540 versio
1538 3490 1797 3541 Saxonica
1832 3486 2221 3555 Nomocalnonis
2259 3491 2449 3542 Jutici.
2482 3509 2523 3541 s.

322 3555 557 3606 mouens.
596 3556 843 3605 Instituta
879 3558 1141 3622 utriusque
1172 3559 1371 3608 collatio
1406 3559 1588 3619 docuit,
1627 3567 1677 3608 et
1706 3554 1951 3624 jor-{mam
1987 3567 2212 3625 typorum
2249 3567 2299 3609 et
2331 3561 2524 3609 littera-

296 3641 406 3673 rum
440 3624 733 3755 eompqndia
770 3632 961 3674 tantam
998 3625 1194 3689 referre
1228 3627 1622 3687 similitudinem,
1647 3623 1655 3691 Ι
1676 3635 1917 3694 quantam
1954 3628 2086 3675 inter
2121 3643 2264 3675 orum
2300 3635 2348 3676 et
2381 3645 2523 3676 ocu-m

295 3707 589 3741 consmceas.

406 3744 545 3825 Δ[Βεῑί
592 3760 652 3809 V.
698 3759 867 3810 heisst
901 3776 957 3810 es
1004 3759 1178 3810 hinter
1223 3759 1694 3827 „Luneburgi“
1739 3778 1867 3812 nur:
1915 3761 2067 3811 Recte
2117 3764 2268 3811 etiam
2309 3764 2524 3828 perillu-

295 3829 418 3876 stris
458 3825 800 3876 C'oncellarius
837 3836 1009 3887 monet,
1049 3829 1367 3895 interpretem
1402 3832 1617 3880 latinum
1663 3830 1816 3878 cerba
1867 3832 2063 3878 autoris
2104 3831 2152 3878 in
2177 3829 2366 3895 sensus
2401 3832 2525 3881 alie-

295 3910 384 3943 nos
408 3894 623 3961 saepius
659 3895 889 3960 coeqiffe,
937 3902 1087 3961 atque
1122 3895 1378 3946 irssumeras
1415 3896 1651 3946 adsuisse
1686 3898 1999 3958 additiones,
2048 3905 2098 3946 et
2131 3899 2357 3962 inteqras
2392 3900 2524 3948 inse-

293 3965 461 4011 ruisse
488 3963 691 4029 passim
716 3962 974 4029 periodos,
1009 3980 1139 4028 quae
1175 3982 1270 4013 non
1306 3965 1544 4029 leyuntur
1578 3968 1632 4014 in
1670 3964 1954 4014 authentico
1988 3966 2274 4014 vernaculo.
2343 3964 2524 4015 Posse-

291 4046 401 4078 mus
437 4028 528 4079 hoc
563 4047 623 4081 ex
644 4030 805 4095 faeta
843 4031 1110 4080 collatione
1144 4034 1359 4098 copiosis
1396 4033 1632 4098 exemplis
1671 4032 2030 4082 demonstrare.
2104 4029 2309 4081 Unicum
2345 4035 2522 4084 saltem

292 4114 544 4164 apponere
580 4099 756 4156 liceat5
807 4099 912 4148 und
963 4098 1098 4163 folgt
1147 4099 1357 4149 hierauf
1402 4100 1646 4149 wortlieh
1694 4100 1830 4149 nach
1881 4101 1996 4150 dem
2032 4099 2095 4149 N.
2131 4101 2196 4149 D.
2234 4100 2400 4151 'sexte
2437 4101 2522 4153 die

293 4165 820 4215 Sohluss-Nachrioht
853 4182 972 4216 zum
997 4169 1217 4231 ,1.1485,
1251 4182 1310 4218 so
1348 4169 1446 4217 wie
1481 4169 1577 4216 mit
1614 4167 1712 4218 den
1737 4168 1981 4218 Worten:
2020 4166 2237 4217 Latinus
2272 4170 2521 4235 interpres

290 4232 382 4282 hoc
414 4231 561 4282 addit
608 4231 894 4294 Glossema,
942 4234 1031 4283 der
1066 4235 1140 4283 im
1176 4234 1545 4285 Lateinisehen
1583 4236 1749 4286 Texta
1786 4235 1918 4286 dazu
1954 4234 2257 4286 erfindliche
2293 4235 2513 4290 Zusatzz

297 4298 433 4351 Tolle
454 4298 797 4369 prothoplasti
833 4338 844 4350 .
885 4337 896 4348 .
931 4337 944 4349 .
979 4318 1112 4352 anno
1146 4295 1455 4376 LXXXII.]
